%YAML 1.1
%TAG !u! tag:unity3d.com,2011:
--- !u!1 &1124687189605955297
GameObject:
  m_ObjectHideFlags: 0
  m_CorrespondingSourceObject: {fileID: 0}
  m_PrefabInstance: {fileID: 0}
  m_PrefabAsset: {fileID: 0}
  serializedVersion: 6
  m_Component:
  - component: {fileID: 1124687189605955302}
  - component: {fileID: 1124687189605955296}
  - component: {fileID: 1124687189605955303}
  m_Layer: 13
  m_Name: BonceOnFeedback
  m_TagString: Untagged
  m_Icon: {fileID: 0}
  m_NavMeshLayer: 0
  m_StaticEditorFlags: 0
  m_IsActive: 1
--- !u!4 &1124687189605955302
Transform:
  m_ObjectHideFlags: 0
  m_CorrespondingSourceObject: {fileID: 0}
  m_PrefabInstance: {fileID: 0}
  m_PrefabAsset: {fileID: 0}
  m_GameObject: {fileID: 1124687189605955297}
  m_LocalRotation: {x: 0, y: 0, z: 0, w: 1}
  m_LocalPosition: {x: 0, y: 0, z: 0}
  m_LocalScale: {x: 1, y: 1, z: 1}
  m_Children: []
  m_Father: {fileID: 3901768488508622656}
  m_RootOrder: 1
  m_LocalEulerAnglesHint: {x: 0, y: 0, z: 0}
--- !u!114 &1124687189605955296
MonoBehaviour:
  m_ObjectHideFlags: 0
  m_CorrespondingSourceObject: {fileID: 0}
  m_PrefabInstance: {fileID: 0}
  m_PrefabAsset: {fileID: 0}
  m_GameObject: {fileID: 1124687189605955297}
  m_Enabled: 1
  m_EditorHideFlags: 0
  m_Script: {fileID: 11500000, guid: 841b72de2996c5c40bfb394f3d0e0a98, type: 3}
  m_Name: 
  m_EditorClassIdentifier: 
  Feedbacks:
  - {fileID: 1124687189605955303}
  InitializationMode: 2
  SafeMode: 3
  Direction: 0
  AutoChangeDirectionOnEnd: 0
  AutoPlayOnStart: 0
  AutoPlayOnEnable: 0
  DurationMultiplier: 1
  DisplayFullDurationDetails: 0
  CooldownDuration: 0
  InitialDelay: 0
  FeedbacksIntensity: 1
  Events:
    TriggerMMFeedbacksEvents: 0
    TriggerUnityEvents: 1
    OnPlay:
      m_PersistentCalls:
        m_Calls: []
    OnPause:
      m_PersistentCalls:
        m_Calls: []
    OnResume:
      m_PersistentCalls:
        m_Calls: []
    OnRevert:
      m_PersistentCalls:
        m_Calls: []
    OnComplete:
      m_PersistentCalls:
        m_Calls: []
  DebugActive: 0
--- !u!114 &1124687189605955303
MonoBehaviour:
  m_ObjectHideFlags: 0
  m_CorrespondingSourceObject: {fileID: 0}
  m_PrefabInstance: {fileID: 0}
  m_PrefabAsset: {fileID: 0}
  m_GameObject: {fileID: 1124687189605955297}
  m_Enabled: 1
  m_EditorHideFlags: 0
  m_Script: {fileID: 11500000, guid: 0598124d440bea94aaf85767e74a38b2, type: 3}
  m_Name: 
  m_EditorClassIdentifier: 
  Active: 1
  Label: SpriteRenderer
  Chance: 100
  Timing:
    TimescaleMode: 0
    InitialDelay: 0
    CooldownDuration: 0
    NumberOfRepeats: 0
    RepeatForever: 0
    DelayBetweenRepeats: 1
    MMFeedbacksDirectionCondition: 0
    PlayDirection: 0
    ConstantIntensity: 0
    UseIntensityInterval: 0
    IntensityIntervalMin: 0
    IntensityIntervalMax: 0
    Sequence: {fileID: 0}
    TrackID: 0
    Quantized: 0
    TargetBPM: 120
  DebugActive: 0
  BoundSpriteRenderer: {fileID: 3901768489032548837}
  Mode: 0
  Duration: 2
  StartsOff: 0
  Channel: 0
  ResetShakerValuesAfterShake: 1
  ResetTargetValuesAfterShake: 1
  UseRange: 0
  EventRange: 100
  EventOriginTransform: {fileID: 0}
  AllowAdditivePlays: 0
  ModifyColor: 1
  ColorOverTime:
    serializedVersion: 2
    key0: {r: 1, g: 1, b: 1, a: 1}
    key1: {r: 1, g: 1, b: 1, a: 1}
    key2: {r: 0, g: 0, b: 0, a: 0}
    key3: {r: 0, g: 0, b: 0, a: 0}
    key4: {r: 0, g: 0, b: 0, a: 0}
    key5: {r: 0, g: 0, b: 0, a: 0}
    key6: {r: 0, g: 0, b: 0, a: 0}
    key7: {r: 0, g: 0, b: 0, a: 0}
    ctime0: 0
    ctime1: 65535
    ctime2: 0
    ctime3: 0
    ctime4: 0
    ctime5: 0
    ctime6: 0
    ctime7: 0
    atime0: 0
    atime1: 65535
    atime2: 0
    atime3: 0
    atime4: 0
    atime5: 0
    atime6: 0
    atime7: 0
    m_Mode: 0
    m_NumColorKeys: 2
    m_NumAlphaKeys: 2
  InstantColor: {r: 0, g: 1, b: 0.016897917, a: 0}
  FlipX: 0
  FlipY: 0
--- !u!1 &1124687190236031291
GameObject:
  m_ObjectHideFlags: 0
  m_CorrespondingSourceObject: {fileID: 0}
  m_PrefabInstance: {fileID: 0}
  m_PrefabAsset: {fileID: 0}
  serializedVersion: 6
  m_Component:
  - component: {fileID: 1124687190236031288}
  - component: {fileID: 1124687190236031290}
  - component: {fileID: 1124687190236031289}
  m_Layer: 13
  m_Name: BounceOffFeedback
  m_TagString: Untagged
  m_Icon: {fileID: 0}
  m_NavMeshLayer: 0
  m_StaticEditorFlags: 0
  m_IsActive: 1
--- !u!4 &1124687190236031288
Transform:
  m_ObjectHideFlags: 0
  m_CorrespondingSourceObject: {fileID: 0}
  m_PrefabInstance: {fileID: 0}
  m_PrefabAsset: {fileID: 0}
  m_GameObject: {fileID: 1124687190236031291}
  m_LocalRotation: {x: 0, y: 0, z: 0, w: 1}
  m_LocalPosition: {x: 0, y: 0, z: 0}
  m_LocalScale: {x: 1, y: 1, z: 1}
  m_Children: []
  m_Father: {fileID: 3901768488508622656}
  m_RootOrder: 2
  m_LocalEulerAnglesHint: {x: 0, y: 0, z: 0}
--- !u!114 &1124687190236031290
MonoBehaviour:
  m_ObjectHideFlags: 0
  m_CorrespondingSourceObject: {fileID: 0}
  m_PrefabInstance: {fileID: 0}
  m_PrefabAsset: {fileID: 0}
  m_GameObject: {fileID: 1124687190236031291}
  m_Enabled: 1
  m_EditorHideFlags: 0
  m_Script: {fileID: 11500000, guid: 841b72de2996c5c40bfb394f3d0e0a98, type: 3}
  m_Name: 
  m_EditorClassIdentifier: 
  Feedbacks:
  - {fileID: 1124687190236031289}
  InitializationMode: 2
  SafeMode: 3
  Direction: 0
  AutoChangeDirectionOnEnd: 0
  AutoPlayOnStart: 0
  AutoPlayOnEnable: 0
  DurationMultiplier: 1
  DisplayFullDurationDetails: 0
  CooldownDuration: 0
  InitialDelay: 0
  FeedbacksIntensity: 1
  Events:
    TriggerMMFeedbacksEvents: 0
    TriggerUnityEvents: 1
    OnPlay:
      m_PersistentCalls:
        m_Calls: []
    OnPause:
      m_PersistentCalls:
        m_Calls: []
    OnResume:
      m_PersistentCalls:
        m_Calls: []
    OnRevert:
      m_PersistentCalls:
        m_Calls: []
    OnComplete:
      m_PersistentCalls:
        m_Calls: []
  DebugActive: 0
--- !u!114 &1124687190236031289
MonoBehaviour:
  m_ObjectHideFlags: 0
  m_CorrespondingSourceObject: {fileID: 0}
  m_PrefabInstance: {fileID: 0}
  m_PrefabAsset: {fileID: 0}
  m_GameObject: {fileID: 1124687190236031291}
  m_Enabled: 1
  m_EditorHideFlags: 0
  m_Script: {fileID: 11500000, guid: 0598124d440bea94aaf85767e74a38b2, type: 3}
  m_Name: 
  m_EditorClassIdentifier: 
  Active: 1
  Label: SpriteRenderer
  Chance: 100
  Timing:
    TimescaleMode: 0
    InitialDelay: 0
    CooldownDuration: 0
    NumberOfRepeats: 0
    RepeatForever: 0
    DelayBetweenRepeats: 1
    MMFeedbacksDirectionCondition: 0
    PlayDirection: 0
    ConstantIntensity: 0
    UseIntensityInterval: 0
    IntensityIntervalMin: 0
    IntensityIntervalMax: 0
    Sequence: {fileID: 0}
    TrackID: 0
    Quantized: 0
    TargetBPM: 120
  DebugActive: 0
  BoundSpriteRenderer: {fileID: 3901768489032548837}
  Mode: 0
  Duration: 2
  StartsOff: 0
  Channel: 0
  ResetShakerValuesAfterShake: 1
  ResetTargetValuesAfterShake: 1
  UseRange: 0
  EventRange: 100
  EventOriginTransform: {fileID: 0}
  AllowAdditivePlays: 0
  ModifyColor: 1
  ColorOverTime:
    serializedVersion: 2
    key0: {r: 1, g: 0, b: 0, a: 1}
    key1: {r: 1, g: 0, b: 0, a: 1}
    key2: {r: 0, g: 0, b: 0, a: 0}
    key3: {r: 0, g: 0, b: 0, a: 0}
    key4: {r: 0, g: 0, b: 0, a: 0}
    key5: {r: 0, g: 0, b: 0, a: 0}
    key6: {r: 0, g: 0, b: 0, a: 0}
    key7: {r: 0, g: 0, b: 0, a: 0}
    ctime0: 0
    ctime1: 65535
    ctime2: 0
    ctime3: 0
    ctime4: 0
    ctime5: 0
    ctime6: 0
    ctime7: 0
    atime0: 0
    atime1: 65535
    atime2: 0
    atime3: 0
    atime4: 0
    atime5: 0
    atime6: 0
    atime7: 0
    m_Mode: 0
    m_NumColorKeys: 2
    m_NumAlphaKeys: 2
  InstantColor: {r: 1, g: 0, b: 0, a: 0}
  FlipX: 0
  FlipY: 0
--- !u!1 &3901768488508622719
GameObject:
  m_ObjectHideFlags: 0
  m_CorrespondingSourceObject: {fileID: 0}
  m_PrefabInstance: {fileID: 0}
  m_PrefabAsset: {fileID: 0}
  serializedVersion: 6
  m_Component:
  - component: {fileID: 3901768488508622656}
  - component: {fileID: 3901768488508622657}
  - component: {fileID: 3901768488508622662}
  - component: {fileID: 3901768488508622663}
  - component: {fileID: 3901768488508622660}
  - component: {fileID: 3901768488508622661}
  - component: {fileID: 3901768488508622714}
  - component: {fileID: 3901768488508622715}
  - component: {fileID: 3901768488508622712}
  - component: {fileID: 3901768488508622713}
  - component: {fileID: 3901768488508622718}
  - component: {fileID: 3901768488508622658}
  - component: {fileID: 3901768488508622659}
  - component: {fileID: 3901768488508622669}
  - component: {fileID: 4254122674774675664}
  - component: {fileID: 3901768488508622716}
  m_Layer: 13
  m_Name: BasicFlyer Bouncer_Timed
  m_TagString: Untagged
  m_Icon: {fileID: 0}
  m_NavMeshLayer: 0
  m_StaticEditorFlags: 0
  m_IsActive: 1
--- !u!4 &3901768488508622656
Transform:
  m_ObjectHideFlags: 0
  m_CorrespondingSourceObject: {fileID: 0}
  m_PrefabInstance: {fileID: 0}
  m_PrefabAsset: {fileID: 0}
  m_GameObject: {fileID: 3901768488508622719}
  m_LocalRotation: {x: 0, y: 0, z: 0, w: 1}
  m_LocalPosition: {x: 6.4, y: -12.76, z: 10.59802}
  m_LocalScale: {x: 1, y: 1, z: 1}
  m_Children:
  - {fileID: 3901768489032548762}
  - {fileID: 1124687189605955302}
  - {fileID: 1124687190236031288}
  m_Father: {fileID: 0}
  m_RootOrder: 0
  m_LocalEulerAnglesHint: {x: 0, y: 0, z: 0}
--- !u!114 &3901768488508622657
MonoBehaviour:
  m_ObjectHideFlags: 0
  m_CorrespondingSourceObject: {fileID: 0}
  m_PrefabInstance: {fileID: 0}
  m_PrefabAsset: {fileID: 0}
  m_GameObject: {fileID: 3901768488508622719}
  m_Enabled: 1
  m_EditorHideFlags: 0
  m_Script: {fileID: 11500000, guid: 8b470d1b161b2454590386135b7fd64f, type: 3}
  m_Name: 
  m_EditorClassIdentifier: 
  CharacterType: 1
  PlayerID: 
  InitialFacingDirection: 1
  DirectionOnSpawn: 0
  CharacterAnimator: {fileID: 3901768489032548836}
  UseDefaultMecanim: 1
  PerformAnimatorSanityChecks: 1
  CharacterModel: {fileID: 0}
  CameraTarget: {fileID: 0}
  CameraTargetSpeed: 5
  AdditionalAbilityNodes: []
  FlipModelOnDirectionChange: 1
  ModelFlipValue: {x: -1, y: 1, z: 1}
  RotateModelOnDirectionChange: 0
  ModelRotationValue: {x: 0, y: 180, z: 0}
  ModelRotationSpeed: 0
  SendStateChangeEvents: 1
  SendStateUpdateEvents: 1
  AirborneDistance: 0.5
  CharacterBrain: {fileID: 0}
--- !u!50 &3901768488508622662
Rigidbody2D:
  serializedVersion: 4
  m_ObjectHideFlags: 0
  m_CorrespondingSourceObject: {fileID: 0}
  m_PrefabInstance: {fileID: 0}
  m_PrefabAsset: {fileID: 0}
  m_GameObject: {fileID: 3901768488508622719}
  m_BodyType: 1
  m_Simulated: 1
  m_UseFullKinematicContacts: 0
  m_UseAutoMass: 0
  m_Mass: 1
  m_LinearDrag: 0
  m_AngularDrag: 0.05
  m_GravityScale: 1
  m_Material: {fileID: 0}
  m_Interpolate: 0
  m_SleepingMode: 0
  m_CollisionDetection: 0
  m_Constraints: 0
--- !u!61 &3901768488508622663
BoxCollider2D:
  m_ObjectHideFlags: 0
  m_CorrespondingSourceObject: {fileID: 0}
  m_PrefabInstance: {fileID: 0}
  m_PrefabAsset: {fileID: 0}
  m_GameObject: {fileID: 3901768488508622719}
  m_Enabled: 1
  m_Density: 1
  m_Material: {fileID: 0}
  m_IsTrigger: 1
  m_UsedByEffector: 0
  m_UsedByComposite: 0
  m_Offset: {x: 0, y: 0}
  m_SpriteTilingProperty:
    border: {x: 0, y: 0, z: 0, w: 0}
    pivot: {x: 0, y: 0}
    oldSize: {x: 0, y: 0}
    newSize: {x: 0, y: 0}
    adaptiveTilingThreshold: 0
    drawMode: 0
    adaptiveTiling: 0
  m_AutoTiling: 0
  serializedVersion: 2
  m_Size: {x: 1, y: 1}
  m_EdgeRadius: 0
--- !u!114 &3901768488508622660
MonoBehaviour:
  m_ObjectHideFlags: 0
  m_CorrespondingSourceObject: {fileID: 0}
  m_PrefabInstance: {fileID: 0}
  m_PrefabAsset: {fileID: 0}
  m_GameObject: {fileID: 3901768488508622719}
  m_Enabled: 1
  m_EditorHideFlags: 0
  m_Script: {fileID: 11500000, guid: 26d2b97c2edb15b4687c405cac22ec21, type: 3}
  m_Name: 
  m_EditorClassIdentifier: 
  DefaultParameters:
    Gravity: -30
    FallMultiplier: 1
    AscentMultiplier: 1
    MaxVelocity: {x: 100, y: 100}
    SpeedAccelerationOnGround: 20
    UseSeparateDecelerationOnGround: 0
    SpeedDecelerationOnGround: 20
    SpeedAccelerationInAir: 5
    UseSeparateDecelerationInAir: 0
    SpeedDecelerationInAir: 5
    SpeedFactor: 1
    MaximumSlopeAngle: 30
    SlopeAngleSpeedFactor:
      serializedVersion: 2
      m_Curve:
      - serializedVersion: 3
        time: -90
        value: 1
        inSlope: 0
        outSlope: 0
        tangentMode: 0
        weightedMode: 0
        inWeight: 0
        outWeight: 0
      - serializedVersion: 3
        time: 0
        value: 1
        inSlope: 0
        outSlope: 0
        tangentMode: 0
        weightedMode: 0
        inWeight: 0
        outWeight: 0
      - serializedVersion: 3
        time: 90
        value: 1
        inSlope: 0
        outSlope: 0
        tangentMode: 0
        weightedMode: 0
        inWeight: 0
        outWeight: 0
      m_PreInfinity: 2
      m_PostInfinity: 2
      m_RotationOrder: 4
    Physics2DInteraction: 1
    Physics2DPushForce: 2
    DrawRaycastsGizmos: 1
    DisplayWarnings: 1
  PlatformMask:
    serializedVersion: 2
    m_Bits: 256
  MovingPlatformMask:
    serializedVersion: 2
    m_Bits: 262144
  OneWayPlatformMask:
    serializedVersion: 2
    m_Bits: 2048
  MovingOneWayPlatformMask:
    serializedVersion: 2
    m_Bits: 1048576
  MidHeightOneWayPlatformMask:
    serializedVersion: 2
    m_Bits: 67108864
  StairsMask:
    serializedVersion: 2
    m_Bits: 268435456
  DetachmentMethod: 0
  SafeSetTransform: 0
  StandingOn: {fileID: 0}
  UpdateMode: 0
  NumberOfHorizontalRays: 8
  NumberOfVerticalRays: 8
  RayOffset: 0.05
  CrouchedRaycastLengthMultiplier: 1
  CastRaysOnBothSides: 0
  DistanceToTheGroundRayMaximumLength: 100
  PerformSafetyBoxcast: 0
  StickToSlopes: 0
  StickyRaycastLength: 0
  StickToSlopesOffsetY: 0.2
  AutomaticGravitySettings: 1
--- !u!114 &3901768488508622661
MonoBehaviour:
  m_ObjectHideFlags: 0
  m_CorrespondingSourceObject: {fileID: 0}
  m_PrefabInstance: {fileID: 0}
  m_PrefabAsset: {fileID: 0}
  m_GameObject: {fileID: 3901768488508622719}
  m_Enabled: 1
  m_EditorHideFlags: 0
  m_Script: {fileID: 11500000, guid: 9716d97790a0a49889284ee813194576, type: 3}
  m_Name: 
  m_EditorClassIdentifier: 
  CurrentHealth: 0
  TemporaryInvulnerable: 0
  InitialHealth: 10
  MaximumHealth: 10
  Invulnerable: 1
  DamageFeedbacks: {fileID: 0}
  FlickerSpriteOnHit: 1
  FlickerColor: {r: 1, g: 0.078431375, b: 0.078431375, a: 1}
  ImmuneToKnockback: 0
  DeathFeedbacks: {fileID: 0}
  DestroyOnDeath: 1
  DelayBeforeDestruction: 0
  CollisionsOffOnDeath: 1
  GravityOffOnDeath: 0
  PointsWhenDestroyed: 0
  VibrateOnDeath: 0
  RespawnAtInitialLocation: 0
  ApplyDeathForce: 1
  DeathForce: {x: 0, y: 10}
  ResetForcesOnDeath: 0
--- !u!114 &3901768488508622714
MonoBehaviour:
  m_ObjectHideFlags: 0
  m_CorrespondingSourceObject: {fileID: 0}
  m_PrefabInstance: {fileID: 0}
  m_PrefabAsset: {fileID: 0}
  m_GameObject: {fileID: 3901768488508622719}
  m_Enabled: 1
  m_EditorHideFlags: 0
  m_Script: {fileID: 11500000, guid: e514a2b7cbba3c94fadd9e100df51189, type: 3}
  m_Name: 
  m_EditorClassIdentifier: 
  Top: 1
  Bottom: 2
  Left: 1
  Right: 1
--- !u!114 &3901768488508622715
MonoBehaviour:
  m_ObjectHideFlags: 0
  m_CorrespondingSourceObject: {fileID: 0}
  m_PrefabInstance: {fileID: 0}
  m_PrefabAsset: {fileID: 0}
  m_GameObject: {fileID: 3901768488508622719}
  m_Enabled: 1
  m_EditorHideFlags: 0
  m_Script: {fileID: 11500000, guid: f59e06702d6be45948936bd909420d61, type: 3}
  m_Name: 
  m_EditorClassIdentifier: 
  AbilityStartFeedbacks: {fileID: 0}
  AbilityStopFeedbacks: {fileID: 0}
  AbilityPermitted: 1
  BlockingMovementStates: 
  BlockingConditionStates: 
--- !u!114 &3901768488508622712
MonoBehaviour:
  m_ObjectHideFlags: 0
  m_CorrespondingSourceObject: {fileID: 0}
  m_PrefabInstance: {fileID: 0}
  m_PrefabAsset: {fileID: 0}
  m_GameObject: {fileID: 3901768488508622719}
  m_Enabled: 1
  m_EditorHideFlags: 0
  m_Script: {fileID: 11500000, guid: 76891b3b532f84acaaeed44c357bd00c, type: 3}
  m_Name: 
  m_EditorClassIdentifier: 
  TargetLayerMask:
    serializedVersion: 2
    m_Bits: 512
  DamageCaused: 10
  DamageCausedKnockbackType: 1
  DamageCausedKnockbackDirection: 0
  DamageCausedKnockbackForce: {x: 10, y: 2}
  InvincibilityDuration: 0.5
  DamageTakenEveryTime: 0
  DamageTakenDamageable: 0
  DamageTakenNonDamageable: 0
  DamageTakenKnockbackType: 0
  DamageTakenKnockbackDirection: 0
  DamageTakenKnockbackForce: {x: 0, y: 0}
  DamageTakenInvincibilityDuration: 0.5
  HitDamageableFeedback: {fileID: 0}
  HitNonDamageableFeedback: {fileID: 0}
  FreezeFramesOnHitDuration: 0
  Owner: {fileID: 0}
--- !u!114 &3901768488508622713
MonoBehaviour:
  m_ObjectHideFlags: 0
  m_CorrespondingSourceObject: {fileID: 0}
  m_PrefabInstance: {fileID: 0}
  m_PrefabAsset: {fileID: 0}
  m_GameObject: {fileID: 3901768488508622719}
  m_Enabled: 1
  m_EditorHideFlags: 0
  m_Script: {fileID: 11500000, guid: 1f47703ce4cbee345a405c3ace299961, type: 3}
  m_Name: 
  m_EditorClassIdentifier: 
  AbilityStartFeedbacks: {fileID: 0}
  AbilityStopFeedbacks: {fileID: 0}
  AbilityPermitted: 1
  BlockingMovementStates: 
  BlockingConditionStates: 
  FlySpeed: 1
  AlwaysFlying: 1
  StopFlyingOnDeath: 1
--- !u!114 &3901768488508622718
MonoBehaviour:
  m_ObjectHideFlags: 0
  m_CorrespondingSourceObject: {fileID: 0}
  m_PrefabInstance: {fileID: 0}
  m_PrefabAsset: {fileID: 0}
  m_GameObject: {fileID: 3901768488508622719}
  m_Enabled: 1
  m_EditorHideFlags: 0
  m_Script: {fileID: 11500000, guid: eec89e4158bf96841b9bc830fc5385ca, type: 3}
  m_Name: 
  m_EditorClassIdentifier: 
  States:
  - StateName: Idle
    Actions:
      array:
      - {fileID: 3901768488508622659}
    Transitions:
      array:
      - Decision: {fileID: 3901768488508622669}
        TrueState: Follow
        FalseState: 
  - StateName: Follow
    Actions:
      array:
      - {fileID: 3901768488508622658}
    Transitions:
      array:
      - Decision: {fileID: 3901768488508622669}
        TrueState: 
        FalseState: Idle
  BrainActive: 1
  TimeInThisState: 0
  Target: {fileID: 0}
  _lastKnownTargetPosition: {x: 0, y: 0, z: 0}
  ActionsFrequency: 0
  DecisionFrequency: 0
--- !u!114 &3901768488508622658
MonoBehaviour:
  m_ObjectHideFlags: 0
  m_CorrespondingSourceObject: {fileID: 0}
  m_PrefabInstance: {fileID: 0}
  m_PrefabAsset: {fileID: 0}
  m_GameObject: {fileID: 3901768488508622719}
  m_Enabled: 1
  m_EditorHideFlags: 0
  m_Script: {fileID: 11500000, guid: 20a4fc9499abe3c439e7a1994f876be1, type: 3}
  m_Name: 
  m_EditorClassIdentifier: 
  Label: Follow
  MinimumDistance: 0.01
--- !u!114 &3901768488508622659
MonoBehaviour:
  m_ObjectHideFlags: 0
  m_CorrespondingSourceObject: {fileID: 0}
  m_PrefabInstance: {fileID: 0}
  m_PrefabAsset: {fileID: 0}
  m_GameObject: {fileID: 3901768488508622719}
  m_Enabled: 1
  m_EditorHideFlags: 0
  m_Script: {fileID: 11500000, guid: 4ce6650aa70b5cb49836740df729c5be, type: 3}
  m_Name: 
  m_EditorClassIdentifier: 
  Label: Idle
--- !u!114 &3901768488508622669
MonoBehaviour:
  m_ObjectHideFlags: 0
  m_CorrespondingSourceObject: {fileID: 0}
  m_PrefabInstance: {fileID: 0}
  m_PrefabAsset: {fileID: 0}
  m_GameObject: {fileID: 3901768488508622719}
  m_Enabled: 1
  m_EditorHideFlags: 0
  m_Script: {fileID: 11500000, guid: ca77a5bd832884b1cb7fc7a7901b4438, type: 3}
  m_Name: 
  m_EditorClassIdentifier: 
  Label: Activate
  Radius: 6
  DetectionOriginOffset: {x: 0, y: 0, z: 0}
  TargetLayer:
    serializedVersion: 2
    m_Bits: 512
--- !u!114 &4254122674774675664
MonoBehaviour:
  m_ObjectHideFlags: 0
  m_CorrespondingSourceObject: {fileID: 0}
  m_PrefabInstance: {fileID: 0}
  m_PrefabAsset: {fileID: 0}
  m_GameObject: {fileID: 3901768488508622719}
  m_Enabled: 1
  m_EditorHideFlags: 0
  m_Script: {fileID: 11500000, guid: 50fc24513c89140afa90465a45f5d6fd, type: 3}
  m_Name: 
  m_EditorClassIdentifier: 
  KnockbackForce: {x: 0, y: 15}
  DamageCausedKnockbackType: 1
  DamagePerStomp: 0
  ResetNumberOfJumpsOnStomp: 0
  InvincibilityDuration: 0.5
  PlayerMask:
    serializedVersion: 2
    m_Bits: 512
  NumberOfRays: 5
  RaycastLength: 0.5
  RaycastVerticalOffset: 0.01
  StomperMustBeAlive: 1
--- !u!114 &3901768488508622716
MonoBehaviour:
  m_ObjectHideFlags: 0
  m_CorrespondingSourceObject: {fileID: 0}
  m_PrefabInstance: {fileID: 0}
  m_PrefabAsset: {fileID: 0}
  m_GameObject: {fileID: 3901768488508622719}
  m_Enabled: 1
  m_EditorHideFlags: 0
  m_Script: {fileID: 11500000, guid: 6b73454549936489c8459601243cd06a, type: 3}
  m_Name: 
  m_EditorClassIdentifier: 
  intervalTime: 2
  BouncerOn: {fileID: 1124687189605955296}
  BouncerOff: {fileID: 1124687190236031290}
  timerRunning: 1
--- !u!1 &3901768489032548763
GameObject:
  m_ObjectHideFlags: 0
  m_CorrespondingSourceObject: {fileID: 0}
  m_PrefabInstance: {fileID: 0}
  m_PrefabAsset: {fileID: 0}
  serializedVersion: 6
  m_Component:
  - component: {fileID: 3901768489032548762}
  - component: {fileID: 3901768489032548837}
  - component: {fileID: 3901768489032548836}
  m_Layer: 13
  m_Name: FlyerModel
  m_TagString: Untagged
  m_Icon: {fileID: 0}
  m_NavMeshLayer: 0
  m_StaticEditorFlags: 0
  m_IsActive: 1
--- !u!4 &3901768489032548762
Transform:
  m_ObjectHideFlags: 0
  m_CorrespondingSourceObject: {fileID: 0}
  m_PrefabInstance: {fileID: 0}
  m_PrefabAsset: {fileID: 0}
  m_GameObject: {fileID: 3901768489032548763}
  m_LocalRotation: {x: 0, y: 0, z: 0, w: 1}
  m_LocalPosition: {x: 0, y: 0, z: 0}
  m_LocalScale: {x: 1, y: 1, z: 1}
  m_Children: []
  m_Father: {fileID: 3901768488508622656}
  m_RootOrder: 0
  m_LocalEulerAnglesHint: {x: 0, y: 0, z: 0}
--- !u!212 &3901768489032548837
SpriteRenderer:
  m_ObjectHideFlags: 0
  m_CorrespondingSourceObject: {fileID: 0}
  m_PrefabInstance: {fileID: 0}
  m_PrefabAsset: {fileID: 0}
  m_GameObject: {fileID: 3901768489032548763}
  m_Enabled: 1
  m_CastShadows: 0
  m_ReceiveShadows: 0
  m_DynamicOccludee: 1
  m_MotionVectors: 1
  m_LightProbeUsage: 1
  m_ReflectionProbeUsage: 1
  m_RayTracingMode: 0
  m_RayTraceProcedural: 0
  m_RenderingLayerMask: 1
  m_RendererPriority: 0
  m_Materials:
  - {fileID: 2100000, guid: a97c105638bdf8b4a8650670310a4cd3, type: 2}
  m_StaticBatchInfo:
    firstSubMesh: 0
    subMeshCount: 0
  m_StaticBatchRoot: {fileID: 0}
  m_ProbeAnchor: {fileID: 0}
  m_LightProbeVolumeOverride: {fileID: 0}
  m_ScaleInLightmap: 1
  m_ReceiveGI: 1
  m_PreserveUVs: 0
  m_IgnoreNormalsForChartDetection: 0
  m_ImportantGI: 0
  m_StitchLightmapSeams: 1
  m_SelectedEditorRenderState: 0
  m_MinimumChartSize: 4
  m_AutoUVMaxDistance: 0.5
  m_AutoUVMaxAngle: 89
  m_LightmapParameters: {fileID: 0}
  m_SortingLayerID: 0
  m_SortingLayer: 0
  m_SortingOrder: 0
  m_Sprite: {fileID: 21300000, guid: 1bb61c379e4a2164a94108757d24b514, type: 3}
  m_Color: {r: 0.1462264, g: 1, b: 0.7214832, a: 1}
  m_FlipX: 0
  m_FlipY: 0
  m_DrawMode: 0
  m_Size: {x: 0.91, y: 0.98}
  m_AdaptiveModeThreshold: 0.5
  m_SpriteTileMode: 0
  m_WasSpriteAssigned: 1
  m_MaskInteraction: 0
  m_SpriteSortPoint: 0
--- !u!95 &3901768489032548836
Animator:
  serializedVersion: 3
  m_ObjectHideFlags: 0
  m_CorrespondingSourceObject: {fileID: 0}
  m_PrefabInstance: {fileID: 0}
  m_PrefabAsset: {fileID: 0}
  m_GameObject: {fileID: 3901768489032548763}
  m_Enabled: 1
  m_Avatar: {fileID: 0}
  m_Controller: {fileID: 9100000, guid: 98ed85007ab6f4569ba55edac2e43560, type: 2}
  m_CullingMode: 0
  m_UpdateMode: 0
  m_ApplyRootMotion: 0
  m_LinearVelocityBlending: 0
  m_WarningMessage: 
  m_HasTransformHierarchy: 1
  m_AllowConstantClipSamplingOptimization: 1
  m_KeepAnimatorControllerStateOnDisable: 0
