%YAML 1.1
%TAG !u! tag:unity3d.com,2011:
--- !u!1 &5229279934777816317
GameObject:
  m_ObjectHideFlags: 0
  m_CorrespondingSourceObject: {fileID: 0}
  m_PrefabInstance: {fileID: 0}
  m_PrefabAsset: {fileID: 0}
  serializedVersion: 6
  m_Component:
  - component: {fileID: 5229279934777816258}
  - component: {fileID: 5229279934777816261}
  - component: {fileID: 5229279934777816260}
  - component: {fileID: 5229279934777816263}
  - component: {fileID: 5229279934777816262}
  - component: {fileID: 5229279934777816264}
  - component: {fileID: 5229279934777816267}
  - component: {fileID: 5229279934777816310}
  - component: {fileID: 5229279934777816312}
  - component: {fileID: 5229279934777816315}
  - component: {fileID: 5229279934777816306}
  - component: {fileID: 5229279934777816304}
  - component: {fileID: 94082712}
  - component: {fileID: 94082717}
  - component: {fileID: 3096735544391525266}
  - component: {fileID: 7536473253518838101}
  - component: {fileID: 946995244094210426}
  m_Layer: 13
  m_Name: BugEnemy
  m_TagString: Untagged
  m_Icon: {fileID: 0}
  m_NavMeshLayer: 0
  m_StaticEditorFlags: 0
  m_IsActive: 1
--- !u!4 &5229279934777816258
Transform:
  m_ObjectHideFlags: 0
  m_CorrespondingSourceObject: {fileID: 0}
  m_PrefabInstance: {fileID: 0}
  m_PrefabAsset: {fileID: 0}
  m_GameObject: {fileID: 5229279934777816317}
  m_LocalRotation: {x: 0, y: 0, z: 0, w: 1}
  m_LocalPosition: {x: 44.98, y: 2.5, z: -4.4736094}
  m_LocalScale: {x: 1, y: 1, z: 1}
  m_Children:
  - {fileID: 5229279935968938548}
  m_Father: {fileID: 0}
  m_RootOrder: 0
  m_LocalEulerAnglesHint: {x: 0, y: 0, z: 0}
--- !u!61 &5229279934777816261
BoxCollider2D:
  m_ObjectHideFlags: 0
  m_CorrespondingSourceObject: {fileID: 0}
  m_PrefabInstance: {fileID: 0}
  m_PrefabAsset: {fileID: 0}
  m_GameObject: {fileID: 5229279934777816317}
  m_Enabled: 1
  m_Density: 1
  m_Material: {fileID: 0}
  m_IsTrigger: 1
  m_UsedByEffector: 0
  m_UsedByComposite: 0
  m_Offset: {x: 0, y: 0}
  m_SpriteTilingProperty:
    border: {x: 0, y: 0, z: 0, w: 0}
    pivot: {x: 0, y: 0}
    oldSize: {x: 0, y: 0}
    newSize: {x: 0, y: 0}
    adaptiveTilingThreshold: 0
    drawMode: 0
    adaptiveTiling: 0
  m_AutoTiling: 0
  serializedVersion: 2
  m_Size: {x: 0.67, y: 0.91}
  m_EdgeRadius: 0
--- !u!114 &5229279934777816260
MonoBehaviour:
  m_ObjectHideFlags: 0
  m_CorrespondingSourceObject: {fileID: 0}
  m_PrefabInstance: {fileID: 0}
  m_PrefabAsset: {fileID: 0}
  m_GameObject: {fileID: 5229279934777816317}
  m_Enabled: 1
  m_EditorHideFlags: 0
  m_Script: {fileID: 11500000, guid: 8b470d1b161b2454590386135b7fd64f, type: 3}
  m_Name: 
  m_EditorClassIdentifier: 
  CharacterType: 1
  PlayerID: 
  InitialFacingDirection: 0
  DirectionOnSpawn: 1
  CharacterAnimator: {fileID: 0}
  UseDefaultMecanim: 1
  CharacterModel: {fileID: 5229279935968938551}
  CameraTarget: {fileID: 0}
  CameraTargetSpeed: 5
  FlipModelOnDirectionChange: 1
  ModelFlipValue: {x: -1, y: 1, z: 1}
  RotateModelOnDirectionChange: 0
  ModelRotationValue: {x: 0, y: 180, z: 0}
  ModelRotationSpeed: 0
  SendStateChangeEvents: 1
  SendStateUpdateEvents: 1
  AirborneDistance: 0.5
--- !u!50 &5229279934777816263
Rigidbody2D:
  serializedVersion: 4
  m_ObjectHideFlags: 0
  m_CorrespondingSourceObject: {fileID: 0}
  m_PrefabInstance: {fileID: 0}
  m_PrefabAsset: {fileID: 0}
  m_GameObject: {fileID: 5229279934777816317}
  m_BodyType: 1
  m_Simulated: 1
  m_UseFullKinematicContacts: 0
  m_UseAutoMass: 0
  m_Mass: 1
  m_LinearDrag: 0
  m_AngularDrag: 0.05
  m_GravityScale: 1
  m_Material: {fileID: 0}
  m_Interpolate: 0
  m_SleepingMode: 0
  m_CollisionDetection: 0
  m_Constraints: 0
--- !u!114 &5229279934777816262
MonoBehaviour:
  m_ObjectHideFlags: 0
  m_CorrespondingSourceObject: {fileID: 0}
  m_PrefabInstance: {fileID: 0}
  m_PrefabAsset: {fileID: 0}
  m_GameObject: {fileID: 5229279934777816317}
  m_Enabled: 1
  m_EditorHideFlags: 0
  m_Script: {fileID: 11500000, guid: 26d2b97c2edb15b4687c405cac22ec21, type: 3}
  m_Name: 
  m_EditorClassIdentifier: 
  DefaultParameters:
    Gravity: -30
    FallMultiplier: 1
    AscentMultiplier: 1
    MaxVelocity: {x: 100, y: 100}
    SpeedAccelerationOnGround: 20
    SpeedAccelerationInAir: 5
    SpeedFactor: 1
    MaximumSlopeAngle: 30
    SlopeAngleSpeedFactor:
      serializedVersion: 2
      m_Curve:
      - serializedVersion: 3
        time: -90
        value: 1
        inSlope: 0
        outSlope: 0
        tangentMode: 0
        weightedMode: 0
        inWeight: 0
        outWeight: 0
      - serializedVersion: 3
        time: 0
        value: 1
        inSlope: 0
        outSlope: 0
        tangentMode: 0
        weightedMode: 0
        inWeight: 0
        outWeight: 0
      - serializedVersion: 3
        time: 90
        value: 1
        inSlope: 0
        outSlope: 0
        tangentMode: 0
        weightedMode: 0
        inWeight: 0
        outWeight: 0
      m_PreInfinity: 2
      m_PostInfinity: 2
      m_RotationOrder: 4
    Physics2DInteraction: 1
    Physics2DPushForce: 2
    DrawRaycastsGizmos: 1
    DisplayWarnings: 1
  PlatformMask:
    serializedVersion: 2
    m_Bits: 256
  MovingPlatformMask:
    serializedVersion: 2
    m_Bits: 262144
  OneWayPlatformMask:
    serializedVersion: 2
    m_Bits: 2048
  MovingOneWayPlatformMask:
    serializedVersion: 2
    m_Bits: 1048576
  MidHeightOneWayPlatformMask:
    serializedVersion: 2
    m_Bits: 67108864
  StairsMask:
    serializedVersion: 2
    m_Bits: 268435456
  DetachmentMethod: 0
  SafeSetTransform: 0
  StandingOn: {fileID: 0}
  NumberOfHorizontalRays: 8
  NumberOfVerticalRays: 8
  RayOffset: 0.05
  CrouchedRaycastLengthMultiplier: 1
  CastRaysOnBothSides: 0
  DistanceToTheGroundRayMaximumLength: 100
  PerformSafetyBoxcast: 0
  StickToSlopes: 0
  StickyRaycastLength: 0
  StickToSlopesOffsetY: 0.2
  AutomaticGravitySettings: 1
--- !u!114 &5229279934777816264
MonoBehaviour:
  m_ObjectHideFlags: 0
  m_CorrespondingSourceObject: {fileID: 0}
  m_PrefabInstance: {fileID: 0}
  m_PrefabAsset: {fileID: 0}
  m_GameObject: {fileID: 5229279934777816317}
  m_Enabled: 1
  m_EditorHideFlags: 0
  m_Script: {fileID: 11500000, guid: e514a2b7cbba3c94fadd9e100df51189, type: 3}
  m_Name: 
  m_EditorClassIdentifier: 
  Top: 1
  Bottom: 2
  Left: 1
  Right: 1
--- !u!114 &5229279934777816267
MonoBehaviour:
  m_ObjectHideFlags: 0
  m_CorrespondingSourceObject: {fileID: 0}
  m_PrefabInstance: {fileID: 0}
  m_PrefabAsset: {fileID: 0}
  m_GameObject: {fileID: 5229279934777816317}
  m_Enabled: 1
  m_EditorHideFlags: 0
  m_Script: {fileID: 11500000, guid: 4e24d0eb5fa7640038713564930581a9, type: 3}
  m_Name: 
  m_EditorClassIdentifier: 
  AbilityStartFeedbacks: {fileID: 0}
  AbilityStopFeedbacks: {fileID: 0}
  AbilityPermitted: 1
  WalkSpeed: 10
  MovementSpeedMultiplier: 1
  PushSpeedMultiplier: 1
  StateSpeedMultiplier: 1
  ReadInput: 1
  InstantAcceleration: 0
  InputThreshold: 0.1
  AirControl: 1
  AllowFlipInTheAir: 1
  TouchTheGroundFeedback: {fileID: 0}
  MinimumAirTimeBeforeFeedback: 0.2
  StopWalkingWhenCollidingWithAWall: 0
--- !u!114 &5229279934777816310
MonoBehaviour:
  m_ObjectHideFlags: 0
  m_CorrespondingSourceObject: {fileID: 0}
  m_PrefabInstance: {fileID: 0}
  m_PrefabAsset: {fileID: 0}
  m_GameObject: {fileID: 5229279934777816317}
  m_Enabled: 1
  m_EditorHideFlags: 0
  m_Script: {fileID: 11500000, guid: f59e06702d6be45948936bd909420d61, type: 3}
  m_Name: 
  m_EditorClassIdentifier: 
  AbilityStartFeedbacks: {fileID: 0}
  AbilityStopFeedbacks: {fileID: 0}
  AbilityPermitted: 1
--- !u!114 &5229279934777816312
MonoBehaviour:
  m_ObjectHideFlags: 0
  m_CorrespondingSourceObject: {fileID: 0}
  m_PrefabInstance: {fileID: 0}
  m_PrefabAsset: {fileID: 0}
  m_GameObject: {fileID: 5229279934777816317}
  m_Enabled: 1
  m_EditorHideFlags: 0
  m_Script: {fileID: 11500000, guid: 6a07c6668aa55403790d27b575279549, type: 3}
  m_Name: 
  m_EditorClassIdentifier: 
  AbilityStartFeedbacks: {fileID: 0}
  AbilityStopFeedbacks: {fileID: 0}
  AbilityPermitted: 1
  InitialWeapon: {fileID: 0}
  CanPickupWeapons: 1
  WeaponAttachment: {fileID: 0}
  ForceWeaponScaleResetOnEquip: 0
  AutomaticallyBindAnimator: 1
  AmmoDisplayID: 0
  ContinuousPress: 0
  GettingHitInterruptsAttack: 0
  CanShootFromLadders: 0
  BufferInput: 0
  NewInputExtendsBuffer: 0
  MaximumBufferDuration: 0.25
  CurrentWeapon: {fileID: 0}
--- !u!114 &5229279934777816315
MonoBehaviour:
  m_ObjectHideFlags: 0
  m_CorrespondingSourceObject: {fileID: 0}
  m_PrefabInstance: {fileID: 0}
  m_PrefabAsset: {fileID: 0}
  m_GameObject: {fileID: 5229279934777816317}
  m_Enabled: 1
  m_EditorHideFlags: 0
  m_Script: {fileID: 11500000, guid: 76891b3b532f84acaaeed44c357bd00c, type: 3}
  m_Name: 
  m_EditorClassIdentifier: 
  TargetLayerMask:
    serializedVersion: 2
    m_Bits: 512
  DamageCaused: 2
  DamageCausedKnockbackType: 1
  DamageCausedKnockbackDirection: 0
  DamageCausedKnockbackForce: {x: 10, y: 2}
  InvincibilityDuration: 0.5
  DamageTakenEveryTime: 0
  DamageTakenDamageable: 0
  DamageTakenNonDamageable: 0
  DamageTakenKnockbackType: 0
  DamagedTakenKnockbackDirection: 0
  DamageTakenKnockbackForce: {x: 0, y: 0}
  DamageTakenInvincibilityDuration: 0.5
  HitDamageableFeedback: {fileID: 0}
  HitNonDamageableFeedback: {fileID: 0}
  FreezeFramesOnHitDuration: 0
  Owner: {fileID: 0}
--- !u!114 &5229279934777816306
MonoBehaviour:
  m_ObjectHideFlags: 0
  m_CorrespondingSourceObject: {fileID: 0}
  m_PrefabInstance: {fileID: 0}
  m_PrefabAsset: {fileID: 0}
  m_GameObject: {fileID: 5229279934777816317}
  m_Enabled: 1
  m_EditorHideFlags: 0
  m_Script: {fileID: 11500000, guid: f1c1a8bab4d234998bcbc559bb58fa11, type: 3}
  m_Name: 
  m_EditorClassIdentifier: 
  AbilityStartFeedbacks: {fileID: 0}
  AbilityStopFeedbacks: {fileID: 0}
  AbilityPermitted: 1
  NumberOfJumps: 1
  JumpHeight: 2
  JumpRestrictions: 2
  JumpTimeWindow: 0
  ResetCameraOffsetOnJump: 0
  CanJumpDownOneWayPlatforms: 1
  JumpIsProportionalToThePressTime: 0
  JumpMinimumAirTime: 0.1
  JumpReleaseForceFactor: 2
  OneWayPlatformsJumpCollisionOffDuration: 0.3
  MovingPlatformsJumpCollisionOffDuration: 0.05
  AirJumpFeedbacks: {fileID: 0}
  NumberOfJumpsLeft: 0
--- !u!114 &5229279934777816304
MonoBehaviour:
  m_ObjectHideFlags: 0
  m_CorrespondingSourceObject: {fileID: 0}
  m_PrefabInstance: {fileID: 0}
  m_PrefabAsset: {fileID: 0}
  m_GameObject: {fileID: 5229279934777816317}
  m_Enabled: 1
  m_EditorHideFlags: 0
  m_Script: {fileID: 11500000, guid: 5adeaafc9845f4c53bb1826dba8b8329, type: 3}
  m_Name: 
  m_EditorClassIdentifier: 
  isJumping: 0
--- !u!114 &94082712
MonoBehaviour:
  m_ObjectHideFlags: 0
  m_CorrespondingSourceObject: {fileID: 0}
  m_PrefabInstance: {fileID: 0}
  m_PrefabAsset: {fileID: 0}
  m_GameObject: {fileID: 5229279934777816317}
  m_Enabled: 1
  m_EditorHideFlags: 0
  m_Script: {fileID: 11500000, guid: fd7182566aaac4489b6387ef0c4edb02, type: 3}
  m_Name: 
  m_EditorClassIdentifier: 
  CurrentHealth: 0
  TemporaryInvulnerable: 0
  InitialHealth: 10
  MaximumHealth: 10
  Invulnerable: 0
  DamageFeedbacks: {fileID: 0}
  FlickerSpriteOnHit: 1
  ImmuneToKnockback: 0
  DeathFeedbacks: {fileID: 0}
  DestroyOnDeath: 1
  DelayBeforeDestruction: 0.5
  CollisionsOffOnDeath: 0
  GravityOffOnDeath: 0
  PointsWhenDestroyed: 0
  VibrateOnDeath: 0
  RespawnAtInitialLocation: 0
  DeathForce: {x: 0, y: 10}
  ResetForcesOnDeath: 0
  justCreated: 1
  invulnerableTime: 5
--- !u!114 &94082717
MonoBehaviour:
  m_ObjectHideFlags: 0
  m_CorrespondingSourceObject: {fileID: 0}
  m_PrefabInstance: {fileID: 0}
  m_PrefabAsset: {fileID: 0}
  m_GameObject: {fileID: 5229279934777816317}
  m_Enabled: 1
  m_EditorHideFlags: 0
  m_Script: {fileID: 11500000, guid: 169082d7510e449889434a587b3bf65e, type: 3}
  m_Name: 
  m_EditorClassIdentifier: 
  _minDistanceFromLeader: 1
  avoidFalling: 1
  HoleDetectionOffset: {x: 0, y: 0, z: 0}
  HoleDetectionRaycastLength: 3
--- !u!114 &3096735544391525266
MonoBehaviour:
  m_ObjectHideFlags: 0
  m_CorrespondingSourceObject: {fileID: 0}
  m_PrefabInstance: {fileID: 0}
  m_PrefabAsset: {fileID: 0}
  m_GameObject: {fileID: 5229279934777816317}
  m_Enabled: 1
  m_EditorHideFlags: 0
  m_Script: {fileID: 11500000, guid: 0fefa4e49257d496c9050126e969efa0, type: 3}
  m_Name: 
  m_EditorClassIdentifier: 
  isInstanstiated: 1
  isRespawning: 0
  isFirstLoad: 1
--- !u!114 &7536473253518838101
MonoBehaviour:
  m_ObjectHideFlags: 0
  m_CorrespondingSourceObject: {fileID: 0}
  m_PrefabInstance: {fileID: 0}
  m_PrefabAsset: {fileID: 0}
  m_GameObject: {fileID: 5229279934777816317}
  m_Enabled: 1
  m_EditorHideFlags: 0
  m_Script: {fileID: 11500000, guid: 05785c36a1059374cb856bc02d4399b9, type: 3}
  m_Name: 
  m_EditorClassIdentifier: 
  EnableDistance: 20
  DisableDistance: 25
  DisabledByManager: 0
--- !u!114 &946995244094210426
MonoBehaviour:
  m_ObjectHideFlags: 0
  m_CorrespondingSourceObject: {fileID: 0}
  m_PrefabInstance: {fileID: 0}
  m_PrefabAsset: {fileID: 0}
  m_GameObject: {fileID: 5229279934777816317}
  m_Enabled: 1
  m_EditorHideFlags: 0
  m_Script: {fileID: 11500000, guid: 72de0b0360096ea41a18d17864ecb963, type: 3}
  m_Name: 
  m_EditorClassIdentifier: 
  BoundsBasedOn: 1
  LifeTime: 0
--- !u!1 &5229279935968938551
GameObject:
  m_ObjectHideFlags: 0
  m_CorrespondingSourceObject: {fileID: 0}
  m_PrefabInstance: {fileID: 0}
  m_PrefabAsset: {fileID: 0}
  serializedVersion: 6
  m_Component:
  - component: {fileID: 5229279935968938548}
  - component: {fileID: 5229279935968938549}
  - component: {fileID: 5229279935968938546}
  m_Layer: 13
  m_Name: Model
  m_TagString: Untagged
  m_Icon: {fileID: 0}
  m_NavMeshLayer: 0
  m_StaticEditorFlags: 0
  m_IsActive: 1
--- !u!4 &5229279935968938548
Transform:
  m_ObjectHideFlags: 0
  m_CorrespondingSourceObject: {fileID: 0}
  m_PrefabInstance: {fileID: 0}
  m_PrefabAsset: {fileID: 0}
  m_GameObject: {fileID: 5229279935968938551}
  m_LocalRotation: {x: 0, y: 0, z: 0, w: 1}
  m_LocalPosition: {x: -0.02, y: -0.01, z: 0}
  m_LocalScale: {x: 0.54, y: 0.54, z: 0.54}
  m_Children: []
  m_Father: {fileID: 5229279934777816258}
  m_RootOrder: 0
  m_LocalEulerAnglesHint: {x: 0, y: 0, z: 0}
--- !u!212 &5229279935968938549
SpriteRenderer:
  m_ObjectHideFlags: 0
  m_CorrespondingSourceObject: {fileID: 0}
  m_PrefabInstance: {fileID: 0}
  m_PrefabAsset: {fileID: 0}
  m_GameObject: {fileID: 5229279935968938551}
  m_Enabled: 1
  m_CastShadows: 0
  m_ReceiveShadows: 0
  m_DynamicOccludee: 1
  m_MotionVectors: 1
  m_LightProbeUsage: 1
  m_ReflectionProbeUsage: 1
  m_RayTracingMode: 0
  m_RayTraceProcedural: 0
  m_RenderingLayerMask: 1
  m_RendererPriority: 0
  m_Materials:
  - {fileID: 2100000, guid: a97c105638bdf8b4a8650670310a4cd3, type: 2}
  m_StaticBatchInfo:
    firstSubMesh: 0
    subMeshCount: 0
  m_StaticBatchRoot: {fileID: 0}
  m_ProbeAnchor: {fileID: 0}
  m_LightProbeVolumeOverride: {fileID: 0}
  m_ScaleInLightmap: 1
  m_ReceiveGI: 1
  m_PreserveUVs: 0
  m_IgnoreNormalsForChartDetection: 0
  m_ImportantGI: 0
  m_StitchLightmapSeams: 1
  m_SelectedEditorRenderState: 0
  m_MinimumChartSize: 4
  m_AutoUVMaxDistance: 0.5
  m_AutoUVMaxAngle: 89
  m_LightmapParameters: {fileID: 0}
  m_SortingLayerID: 0
  m_SortingLayer: 0
  m_SortingOrder: 0
  m_Sprite: {fileID: 21300000, guid: a5682ffbff82ddf43a71feff15c3b5bc, type: 3}
  m_Color: {r: 1, g: 1, b: 1, a: 1}
  m_FlipX: 0
  m_FlipY: 0
  m_DrawMode: 0
  m_Size: {x: 4, y: 4}
  m_AdaptiveModeThreshold: 0.5
  m_SpriteTileMode: 0
  m_WasSpriteAssigned: 1
  m_MaskInteraction: 0
  m_SpriteSortPoint: 0
--- !u!114 &5229279935968938546
MonoBehaviour:
  m_ObjectHideFlags: 0
  m_CorrespondingSourceObject: {fileID: 0}
  m_PrefabInstance: {fileID: 0}
  m_PrefabAsset: {fileID: 0}
  m_GameObject: {fileID: 5229279935968938551}
  m_Enabled: 1
  m_EditorHideFlags: 0
  m_Script: {fileID: 11500000, guid: 7db70e0ea77f5ac47a8f4565a9406397, type: 3}
  m_Name: 
  m_EditorClassIdentifier: 
  m_ShadowGroup: 0
  m_HasRenderer: 1
  m_UseRendererSilhouette: 1
  m_CastsShadows: 1
  m_SelfShadows: 0
  m_ApplyToSortingLayers: f5136e9f00000000892e24240d6ced9e35acc32343a3066b93b10a3863f733c1
  m_ShapePath:
  - {x: -0.5056095, y: -0.6983299, z: 0}
  - {x: 0.58490753, y: -0.70757484, z: 0}
  - {x: 0.56139755, y: -0.22703552, z: -0.00000047683716}
  - {x: 0.37649155, y: -0.0791111, z: -0.00000047683716}
  - {x: 0.33280563, y: 0.69013214, z: 0}
  - {x: 0.015922546, y: 0.8269329, z: -0.00000047683716}
  - {x: -0.35416222, y: 0.69013214, z: 0}
  - {x: -0.36313438, y: 0.06881523, z: -0.00000047683716}
  - {x: -0.52030563, y: -0.20854568, z: -0.00000047683716}
  m_ShapePathHash: -267534305
  m_Mesh: {fileID: 0}
  m_InstanceId: -1738
