%YAML 1.1
%TAG !u! tag:unity3d.com,2011:
--- !u!1 &1937467631571280858
GameObject:
  m_ObjectHideFlags: 0
  m_CorrespondingSourceObject: {fileID: 0}
  m_PrefabInstance: {fileID: 0}
  m_PrefabAsset: {fileID: 0}
  serializedVersion: 6
  m_Component:
  - component: {fileID: 1937467631571280677}
  - component: {fileID: 139805874863658476}
  - component: {fileID: 3476374723382963696}
  m_Layer: 0
  m_Name: Hammer
  m_TagString: Untagged
  m_Icon: {fileID: 0}
  m_NavMeshLayer: 0
  m_StaticEditorFlags: 0
  m_IsActive: 1
--- !u!4 &1937467631571280677
Transform:
  m_ObjectHideFlags: 0
  m_CorrespondingSourceObject: {fileID: 0}
  m_PrefabInstance: {fileID: 0}
  m_PrefabAsset: {fileID: 0}
  m_GameObject: {fileID: 1937467631571280858}
  m_LocalRotation: {x: -0, y: -0, z: -0, w: 1}
  m_LocalPosition: {x: 0.04, y: -0.06600571, z: 0}
  m_LocalScale: {x: 1, y: 1, z: 1}
  m_Children:
  - {fileID: 1937467632195947186}
  - {fileID: 8716400104835868148}
  m_Father: {fileID: 0}
  m_RootOrder: 0
  m_LocalEulerAnglesHint: {x: 0, y: 0, z: 0}
--- !u!114 &139805874863658476
MonoBehaviour:
  m_ObjectHideFlags: 0
  m_CorrespondingSourceObject: {fileID: 0}
  m_PrefabInstance: {fileID: 0}
  m_PrefabAsset: {fileID: 0}
  m_GameObject: {fileID: 1937467631571280858}
  m_Enabled: 1
  m_EditorHideFlags: 0
  m_Script: {fileID: 11500000, guid: 668042dc4d05a4938a931ed31579b6eb, type: 3}
  m_Name: 
  m_EditorClassIdentifier: 
  _smashFeedback: {fileID: 4046287633093820082}
--- !u!114 &3476374723382963696
MonoBehaviour:
  m_ObjectHideFlags: 0
  m_CorrespondingSourceObject: {fileID: 0}
  m_PrefabInstance: {fileID: 0}
  m_PrefabAsset: {fileID: 0}
  m_GameObject: {fileID: 1937467631571280858}
  m_Enabled: 1
  m_EditorHideFlags: 0
  m_Script: {fileID: 11500000, guid: 12d8ad65bb6c34d71aa316702de74480, type: 3}
  m_Name: 
  m_EditorClassIdentifier: 
  TriggerMode: 0
  DelayBeforeUse: 0.25
  DelayBeforeUseReleaseInterruption: 0
  TimeBetweenUses: 1
  TimeBetweenUsesReleaseInterruption: 0
  Interruptable: 0
  InitializeOnStart: 0
  MagazineBased: 0
  MagazineSize: 30
  AutoReload: 0
  ReloadTime: 2
  AmmoConsumedPerShot: 1
  AutoDestroyWhenEmpty: 0
  AutoDestroyWhenEmptyDelay: 1
  CurrentAmmoLoaded: 0
  WeaponAttachmentOffset: {x: 0, y: 0, z: 0}
  FlipWeaponOnCharacterFlip: 1
  FlipValue: {x: -1, y: 1, z: 1}
  LeftHandHandle: {fileID: 0}
  RightHandHandle: {fileID: 0}
  ModifyMovementWhileEquipped: 0
  PermanentMovementMultiplier: 0
  ModifyMovementWhileAttacking: 0
  MovementMultiplier: 0
  PreventHorizontalMovementWhileInUse: 0
  SetForceWhileInUse: 0
  ForceWhileInUse: {x: 0, y: 0}
  Animators:
  - {fileID: 1937467632195947185}
  EquippedAnimationParameter: 
  IdleAnimationParameter: Idle
  StartAnimationParameter: 
  DelayBeforeUseAnimationParameter: 
  SingleUseAnimationParameter: Attack
  UseAnimationParameter: 
  DelayBetweenUsesAnimationParameter: 
  StopAnimationParameter: 
  ReloadStartAnimationParameter: 
  ReloadAnimationParameter: 
  ReloadStopAnimationParameter: 
  WeaponAngleAnimationParameter: 
  WeaponAngleRelativeAnimationParameter: 
  WeaponStartMMFeedback: {fileID: 0}
  WeaponUsedMMFeedback: {fileID: 0}
  WeaponStopMMFeedback: {fileID: 0}
  WeaponReloadMMFeedback: {fileID: 0}
  WeaponReloadNeededMMFeedback: {fileID: 0}
  WeaponOnHitFeedback: {fileID: 0}
  WeaponOnMissFeedback: {fileID: 0}
  WeaponOnHitDamageableFeedback: {fileID: 0}
  WeaponOnHitNonDamageableFeedback: {fileID: 0}
  WeaponOnKillFeedback: {fileID: 0}
  ApplyRecoilOnUse: 0
  RecoilOnUseProperties:
    RecoilForceGrounded: 10
    RecoilForceAirborne: 10
    RecoilStyle: 2
    Delay: 0
    RecoilFeedback: {fileID: 0}
  ApplyRecoilOnHitDamageable: 0
  RecoilOnHitDamageableProperties:
    RecoilForceGrounded: 10
    RecoilForceAirborne: 10
    RecoilStyle: 2
    Delay: 0
    RecoilFeedback: {fileID: 0}
  ApplyRecoilOnHitNonDamageable: 0
  RecoilOnHitNonDamageableProperties:
    RecoilForceGrounded: 10
    RecoilForceAirborne: 10
    RecoilStyle: 2
    Delay: 0
    RecoilFeedback: {fileID: 0}
  ApplyRecoilOnMiss: 0
  RecoilOnMissProperties:
    RecoilForceGrounded: 10
    RecoilForceAirborne: 10
    RecoilStyle: 2
    Delay: 0
    RecoilFeedback: {fileID: 0}
  ApplyRecoilOnKill: 0
  RecoilOnKillProperties:
    RecoilForceGrounded: 10
    RecoilForceAirborne: 10
    RecoilStyle: 2
    Delay: 0
    RecoilFeedback: {fileID: 0}
  DamageAreaShape: 0
  AreaSize: {x: 1, y: 1}
  AreaOffset: {x: 1, y: 0}
  InitialDelay: 0
  ActiveDuration: 1
  TargetLayerMask:
    serializedVersion: 2
    m_Bits: 512
  DamageCaused: 10
  Knockback: 1
  KnockbackForce: {x: 10, y: 2}
  InvincibilityDuration: 0.5
--- !u!1 &1937467632195947190
GameObject:
  m_ObjectHideFlags: 0
  m_CorrespondingSourceObject: {fileID: 0}
  m_PrefabInstance: {fileID: 0}
  m_PrefabAsset: {fileID: 0}
  serializedVersion: 6
  m_Component:
  - component: {fileID: 1937467632195947186}
  - component: {fileID: 1937467632195947187}
  - component: {fileID: 1937467632195947185}
  - component: {fileID: 8514798927480252293}
  - component: {fileID: 4126938014469795676}
  - component: {fileID: 1968129499169372881}
  m_Layer: 0
  m_Name: Model
  m_TagString: Untagged
  m_Icon: {fileID: 0}
  m_NavMeshLayer: 0
  m_StaticEditorFlags: 0
  m_IsActive: 1
--- !u!4 &1937467632195947186
Transform:
  m_ObjectHideFlags: 0
  m_CorrespondingSourceObject: {fileID: 0}
  m_PrefabInstance: {fileID: 0}
  m_PrefabAsset: {fileID: 0}
  m_GameObject: {fileID: 1937467632195947190}
  m_LocalRotation: {x: -0, y: -0, z: -0, w: 1}
  m_LocalPosition: {x: 0, y: 0, z: 0}
  m_LocalScale: {x: 1, y: 1, z: 1}
  m_Children: []
  m_Father: {fileID: 1937467631571280677}
  m_RootOrder: 0
  m_LocalEulerAnglesHint: {x: 0, y: 0, z: 0}
--- !u!212 &1937467632195947187
SpriteRenderer:
  m_ObjectHideFlags: 0
  m_CorrespondingSourceObject: {fileID: 0}
  m_PrefabInstance: {fileID: 0}
  m_PrefabAsset: {fileID: 0}
  m_GameObject: {fileID: 1937467632195947190}
  m_Enabled: 1
  m_CastShadows: 0
  m_ReceiveShadows: 0
  m_DynamicOccludee: 1
  m_MotionVectors: 1
  m_LightProbeUsage: 1
  m_ReflectionProbeUsage: 1
  m_RayTracingMode: 0
  m_RayTraceProcedural: 0
  m_RenderingLayerMask: 1
  m_RendererPriority: 0
  m_Materials:
  - {fileID: 2100000, guid: a97c105638bdf8b4a8650670310a4cd3, type: 2}
  m_StaticBatchInfo:
    firstSubMesh: 0
    subMeshCount: 0
  m_StaticBatchRoot: {fileID: 0}
  m_ProbeAnchor: {fileID: 0}
  m_LightProbeVolumeOverride: {fileID: 0}
  m_ScaleInLightmap: 1
  m_ReceiveGI: 1
  m_PreserveUVs: 0
  m_IgnoreNormalsForChartDetection: 0
  m_ImportantGI: 0
  m_StitchLightmapSeams: 1
  m_SelectedEditorRenderState: 0
  m_MinimumChartSize: 4
  m_AutoUVMaxDistance: 0.5
  m_AutoUVMaxAngle: 89
  m_LightmapParameters: {fileID: 0}
  m_SortingLayerID: 0
  m_SortingLayer: 0
  m_SortingOrder: 0
  m_Sprite: {fileID: 21300000, guid: 0522dcf5fd54048689a13498e541cd82, type: 3}
  m_Color: {r: 1, g: 1, b: 1, a: 1}
  m_FlipX: 0
  m_FlipY: 0
  m_DrawMode: 0
  m_Size: {x: 6, y: 9.1}
  m_AdaptiveModeThreshold: 0.5
  m_SpriteTileMode: 0
  m_WasSpriteAssigned: 1
  m_MaskInteraction: 0
  m_SpriteSortPoint: 0
--- !u!95 &1937467632195947185
Animator:
  serializedVersion: 3
  m_ObjectHideFlags: 0
  m_CorrespondingSourceObject: {fileID: 0}
  m_PrefabInstance: {fileID: 0}
  m_PrefabAsset: {fileID: 0}
  m_GameObject: {fileID: 1937467632195947190}
  m_Enabled: 1
  m_Avatar: {fileID: 0}
  m_Controller: {fileID: 9100000, guid: 19ece8b55ee844bebb98ede3d36d9e31, type: 2}
  m_CullingMode: 0
  m_UpdateMode: 0
  m_ApplyRootMotion: 0
  m_LinearVelocityBlending: 0
  m_WarningMessage: 
  m_HasTransformHierarchy: 1
  m_AllowConstantClipSamplingOptimization: 1
  m_KeepAnimatorControllerStateOnDisable: 0
--- !u!114 &8514798927480252293
MonoBehaviour:
  m_ObjectHideFlags: 0
  m_CorrespondingSourceObject: {fileID: 0}
  m_PrefabInstance: {fileID: 0}
  m_PrefabAsset: {fileID: 0}
  m_GameObject: {fileID: 1937467632195947190}
  m_Enabled: 1
  m_EditorHideFlags: 0
  m_Script: {fileID: 11500000, guid: 668042dc4d05a4938a931ed31579b6eb, type: 3}
  m_Name: 
  m_EditorClassIdentifier: 
  _smashFeedback: {fileID: 4046287633093820082}
--- !u!114 &4126938014469795676
MonoBehaviour:
  m_ObjectHideFlags: 0
  m_CorrespondingSourceObject: {fileID: 0}
  m_PrefabInstance: {fileID: 0}
  m_PrefabAsset: {fileID: 0}
  m_GameObject: {fileID: 1937467632195947190}
  m_Enabled: 1
  m_EditorHideFlags: 0
  m_Script: {fileID: 11500000, guid: 76891b3b532f84acaaeed44c357bd00c, type: 3}
  m_Name: 
  m_EditorClassIdentifier: 
  TargetLayerMask:
    serializedVersion: 2
    m_Bits: 512
  DamageCaused: 10
  DamageCausedKnockbackType: 1
  DamageCausedKnockbackDirection: 0
  DamageCausedKnockbackForce: {x: 10, y: 2}
  InvincibilityDuration: 0.5
  DamageTakenEveryTime: 0
  DamageTakenDamageable: 0
  DamageTakenNonDamageable: 0
  DamageTakenKnockbackType: 0
  DamageTakenKnockbackDirection: 0
  DamageTakenKnockbackForce: {x: 0, y: 0}
  DamageTakenInvincibilityDuration: 0.5
  HitDamageableFeedback: {fileID: 0}
  HitNonDamageableFeedback: {fileID: 0}
  FreezeFramesOnHitDuration: 0
  Owner: {fileID: 0}
--- !u!61 &1968129499169372881
BoxCollider2D:
  m_ObjectHideFlags: 0
  m_CorrespondingSourceObject: {fileID: 0}
  m_PrefabInstance: {fileID: 0}
  m_PrefabAsset: {fileID: 0}
  m_GameObject: {fileID: 1937467632195947190}
  m_Enabled: 1
  m_Density: 1
  m_Material: {fileID: 0}
  m_IsTrigger: 0
  m_UsedByEffector: 0
  m_UsedByComposite: 0
  m_Offset: {x: -0.03, y: 2.08}
  m_SpriteTilingProperty:
    border: {x: 0, y: 0, z: 0, w: 0}
    pivot: {x: 0.5, y: 0}
    oldSize: {x: 1.7142857, y: 2.6}
    newSize: {x: 6, y: 9.1}
    adaptiveTilingThreshold: 0.5
    drawMode: 0
    adaptiveTiling: 0
  m_AutoTiling: 0
  serializedVersion: 2
  m_Size: {x: 1.41, y: 0.73}
  m_EdgeRadius: 0
--- !u!1 &3651214181471816035
GameObject:
  m_ObjectHideFlags: 0
  m_CorrespondingSourceObject: {fileID: 0}
  m_PrefabInstance: {fileID: 0}
  m_PrefabAsset: {fileID: 0}
  serializedVersion: 6
  m_Component:
  - component: {fileID: 8716400104835868148}
  - component: {fileID: 4046287633093820082}
  - component: {fileID: 675915323095594219}
  - component: {fileID: 6650578091587984429}
  - component: {fileID: 6078215161420053079}
  m_Layer: 0
  m_Name: SmashFeedbacks
  m_TagString: Untagged
  m_Icon: {fileID: 0}
  m_NavMeshLayer: 0
  m_StaticEditorFlags: 0
  m_IsActive: 1
--- !u!4 &8716400104835868148
Transform:
  m_ObjectHideFlags: 0
  m_CorrespondingSourceObject: {fileID: 0}
  m_PrefabInstance: {fileID: 0}
  m_PrefabAsset: {fileID: 0}
  m_GameObject: {fileID: 3651214181471816035}
  m_LocalRotation: {x: 0, y: 0, z: 0, w: 1}
  m_LocalPosition: {x: 0, y: 0, z: 0}
  m_LocalScale: {x: 1, y: 1, z: 1}
  m_Children: []
  m_Father: {fileID: 1937467631571280677}
  m_RootOrder: 1
  m_LocalEulerAnglesHint: {x: 0, y: 0, z: 0}
--- !u!114 &4046287633093820082
MonoBehaviour:
  m_ObjectHideFlags: 0
  m_CorrespondingSourceObject: {fileID: 0}
  m_PrefabInstance: {fileID: 0}
  m_PrefabAsset: {fileID: 0}
  m_GameObject: {fileID: 3651214181471816035}
  m_Enabled: 1
  m_EditorHideFlags: 0
  m_Script: {fileID: 11500000, guid: 841b72de2996c5c40bfb394f3d0e0a98, type: 3}
  m_Name: 
  m_EditorClassIdentifier: 
  Feedbacks:
  - {fileID: 675915323095594219}
  - {fileID: 6650578091587984429}
  - {fileID: 6078215161420053079}
  InitializationMode: 2
  SafeMode: 3
  Direction: 0
  AutoChangeDirectionOnEnd: 0
  AutoPlayOnStart: 0
  AutoPlayOnEnable: 0
  DurationMultiplier: 1
  DisplayFullDurationDetails: 0
  CooldownDuration: 0
  InitialDelay: 0
  FeedbacksIntensity: 1
  Events:
    TriggerMMFeedbacksEvents: 0
    TriggerUnityEvents: 1
    OnPlay:
      m_PersistentCalls:
        m_Calls: []
    OnPause:
      m_PersistentCalls:
        m_Calls: []
    OnResume:
      m_PersistentCalls:
        m_Calls: []
    OnRevert:
      m_PersistentCalls:
        m_Calls: []
    OnComplete:
      m_PersistentCalls:
        m_Calls: []
  DebugActive: 0
--- !u!114 &675915323095594219
MonoBehaviour:
  m_ObjectHideFlags: 0
  m_CorrespondingSourceObject: {fileID: 0}
  m_PrefabInstance: {fileID: 0}
  m_PrefabAsset: {fileID: 0}
  m_GameObject: {fileID: 3651214181471816035}
  m_Enabled: 1
  m_EditorHideFlags: 0
  m_Script: {fileID: 11500000, guid: d8fe7e41857f44348b52714b3238715c, type: 3}
  m_Name: 
  m_EditorClassIdentifier: 
  Active: 1
  Label: Camera Shake
  Chance: 100
  Timing:
    TimescaleMode: 0
    InitialDelay: 0
    CooldownDuration: 0
    NumberOfRepeats: 0
    RepeatForever: 0
    DelayBetweenRepeats: 1
    MMFeedbacksDirectionCondition: 0
    PlayDirection: 0
    ConstantIntensity: 0
    UseIntensityInterval: 0
    IntensityIntervalMin: 0
    IntensityIntervalMax: 0
    Sequence: {fileID: 0}
    TrackID: 0
    Quantized: 0
    TargetBPM: 120
  DebugActive: 0
  RepeatUntilStopped: 0
  Channel: 0
  CameraShakeProperties:
    Duration: 0.25
    Amplitude: 0.5
    Frequency: 40
    AmplitudeX: 0
    AmplitudeY: 0
    AmplitudeZ: 0
--- !u!114 &6650578091587984429
MonoBehaviour:
  m_ObjectHideFlags: 0
  m_CorrespondingSourceObject: {fileID: 0}
  m_PrefabInstance: {fileID: 0}
  m_PrefabAsset: {fileID: 0}
  m_GameObject: {fileID: 3651214181471816035}
  m_Enabled: 1
  m_EditorHideFlags: 0
  m_Script: {fileID: 11500000, guid: 6ba1d39e1a4e0a142831b5815b528429, type: 3}
  m_Name: 
  m_EditorClassIdentifier: 
  Active: 1
  Label: Cinemachine Impulse
  Chance: 100
  Timing:
    TimescaleMode: 0
    InitialDelay: 0
    CooldownDuration: 0
    NumberOfRepeats: 0
    RepeatForever: 0
    DelayBetweenRepeats: 1
    MMFeedbacksDirectionCondition: 0
    PlayDirection: 0
    ConstantIntensity: 0
    UseIntensityInterval: 0
    IntensityIntervalMin: 0
    IntensityIntervalMax: 0
    Sequence: {fileID: 0}
    TrackID: 0
    Quantized: 0
    TargetBPM: 120
  DebugActive: 0
  m_ImpulseDefinition:
    m_ImpulseChannel: 1
    m_RawSignal: {fileID: 11400000, guid: 8f5615e91f96249fc9cd82c370356843, type: 2}
    m_AmplitudeGain: 10
    m_FrequencyGain: 1.5
    m_RepeatMode: 0
    m_Randomize: 1
    m_TimeEnvelope:
      m_AttackShape:
        serializedVersion: 2
        m_Curve: []
        m_PreInfinity: 2
        m_PostInfinity: 2
        m_RotationOrder: 4
      m_DecayShape:
        serializedVersion: 2
        m_Curve: []
        m_PreInfinity: 2
        m_PostInfinity: 2
        m_RotationOrder: 4
      m_AttackTime: 0
      m_SustainTime: 0.25
      m_DecayTime: 0.7
      m_ScaleWithImpact: 1
      m_HoldForever: 0
    m_ImpactRadius: 100
    m_DirectionMode: 0
    m_DissipationMode: 2
    m_DissipationDistance: 1000
    m_PropagationSpeed: 343
  Velocity: {x: 0, y: 0, z: 0}
--- !u!114 &6078215161420053079
MonoBehaviour:
  m_ObjectHideFlags: 0
  m_CorrespondingSourceObject: {fileID: 0}
  m_PrefabInstance: {fileID: 0}
  m_PrefabAsset: {fileID: 0}
  m_GameObject: {fileID: 3651214181471816035}
  m_Enabled: 1
  m_EditorHideFlags: 0
  m_Script: {fileID: 11500000, guid: 1503d540d467c874eb716ca9a18b8bc7, type: 3}
  m_Name: 
  m_EditorClassIdentifier: 
  Active: 1
  Label: Corgi Engine Sound
  Chance: 100
  Timing:
    TimescaleMode: 0
    InitialDelay: 0
    CooldownDuration: 0
    NumberOfRepeats: 0
    RepeatForever: 0
    DelayBetweenRepeats: 1
    MMFeedbacksDirectionCondition: 0
    PlayDirection: 0
    ConstantIntensity: 0
    UseIntensityInterval: 0
    IntensityIntervalMin: 0
    IntensityIntervalMax: 0
    Sequence: {fileID: 0}
    TrackID: 0
    Quantized: 0
    TargetBPM: 120
  DebugActive: 0
  SoundFX: {fileID: 8300000, guid: b0b6bf001722eb242a5aaa4ed9dbe251, type: 3}
  Loop: 0
