%YAML 1.1
%TAG !u! tag:unity3d.com,2011:
--- !u!29 &1
OcclusionCullingSettings:
  m_ObjectHideFlags: 0
  serializedVersion: 2
  m_OcclusionBakeSettings:
    smallestOccluder: 5
    smallestHole: 0.25
    backfaceThreshold: 100
  m_SceneGUID: 00000000000000000000000000000000
  m_OcclusionCullingData: {fileID: 0}
--- !u!104 &2
RenderSettings:
  m_ObjectHideFlags: 0
  serializedVersion: 9
  m_Fog: 0
  m_FogColor: {r: 0.5, g: 0.5, b: 0.5, a: 1}
  m_FogMode: 3
  m_FogDensity: 0.01
  m_LinearFogStart: 0
  m_LinearFogEnd: 300
  m_AmbientSkyColor: {r: 0.212, g: 0.227, b: 0.259, a: 1}
  m_AmbientEquatorColor: {r: 0.114, g: 0.125, b: 0.133, a: 1}
  m_AmbientGroundColor: {r: 0.047, g: 0.043, b: 0.035, a: 1}
  m_AmbientIntensity: 1
  m_AmbientMode: 3
  m_SubtractiveShadowColor: {r: 0.42, g: 0.478, b: 0.627, a: 1}
  m_SkyboxMaterial: {fileID: 0}
  m_HaloStrength: 0.5
  m_FlareStrength: 1
  m_FlareFadeSpeed: 3
  m_HaloTexture: {fileID: 0}
  m_SpotCookie: {fileID: 10001, guid: 0000000000000000e000000000000000, type: 0}
  m_DefaultReflectionMode: 0
  m_DefaultReflectionResolution: 128
  m_ReflectionBounces: 1
  m_ReflectionIntensity: 1
  m_CustomReflection: {fileID: 0}
  m_Sun: {fileID: 0}
  m_IndirectSpecularColor: {r: 0, g: 0, b: 0, a: 1}
  m_UseRadianceAmbientProbe: 0
--- !u!157 &3
LightmapSettings:
  m_ObjectHideFlags: 0
  serializedVersion: 11
  m_GIWorkflowMode: 1
  m_GISettings:
    serializedVersion: 2
    m_BounceScale: 1
    m_IndirectOutputScale: 1
    m_AlbedoBoost: 1
    m_EnvironmentLightingMode: 0
    m_EnableBakedLightmaps: 0
    m_EnableRealtimeLightmaps: 0
  m_LightmapEditorSettings:
    serializedVersion: 10
    m_Resolution: 2
    m_BakeResolution: 40
    m_AtlasSize: 1024
    m_AO: 0
    m_AOMaxDistance: 1
    m_CompAOExponent: 1
    m_CompAOExponentDirect: 0
    m_Padding: 2
    m_LightmapParameters: {fileID: 0}
    m_LightmapsBakeMode: 1
    m_TextureCompression: 1
    m_FinalGather: 0
    m_FinalGatherFiltering: 1
    m_FinalGatherRayCount: 256
    m_ReflectionCompression: 2
    m_MixedBakeMode: 2
    m_BakeBackend: 1
    m_PVRSampling: 1
    m_PVRDirectSampleCount: 32
    m_PVRSampleCount: 500
    m_PVRBounces: 2
    m_PVRFilterTypeDirect: 0
    m_PVRFilterTypeIndirect: 0
    m_PVRFilterTypeAO: 0
    m_PVRFilteringMode: 1
    m_PVRCulling: 1
    m_PVRFilteringGaussRadiusDirect: 1
    m_PVRFilteringGaussRadiusIndirect: 5
    m_PVRFilteringGaussRadiusAO: 2
    m_PVRFilteringAtrousPositionSigmaDirect: 0.5
    m_PVRFilteringAtrousPositionSigmaIndirect: 2
    m_PVRFilteringAtrousPositionSigmaAO: 1
    m_ShowResolutionOverlay: 1
  m_LightingDataAsset: {fileID: 0}
  m_UseShadowmask: 1
--- !u!196 &4
NavMeshSettings:
  serializedVersion: 2
  m_ObjectHideFlags: 0
  m_BuildSettings:
    serializedVersion: 2
    agentTypeID: 0
    agentRadius: 0.5
    agentHeight: 2
    agentSlope: 45
    agentClimb: 0.4
    ledgeDropHeight: 0
    maxJumpAcrossDistance: 0
    minRegionArea: 2
    manualCellSize: 0
    cellSize: 0.16666667
    manualTileSize: 0
    tileSize: 256
    accuratePlacement: 0
    debug:
      m_Flags: 0
  m_NavMeshData: {fileID: 0}
--- !u!1 &548813001
GameObject:
  m_ObjectHideFlags: 0
  m_CorrespondingSourceObject: {fileID: 0}
  m_PrefabInstance: {fileID: 0}
  m_PrefabAsset: {fileID: 0}
  serializedVersion: 6
  m_Component:
  - component: {fileID: 548813004}
  - component: {fileID: 548813003}
  - component: {fileID: 548813002}
  m_Layer: 0
  m_Name: Main Camera
  m_TagString: MainCamera
  m_Icon: {fileID: 0}
  m_NavMeshLayer: 0
  m_StaticEditorFlags: 0
  m_IsActive: 1
--- !u!81 &548813002
AudioListener:
  m_ObjectHideFlags: 0
  m_CorrespondingSourceObject: {fileID: 0}
  m_PrefabInstance: {fileID: 0}
  m_PrefabAsset: {fileID: 0}
  m_GameObject: {fileID: 548813001}
  m_Enabled: 1
--- !u!20 &548813003
Camera:
  m_ObjectHideFlags: 0
  m_CorrespondingSourceObject: {fileID: 0}
  m_PrefabInstance: {fileID: 0}
  m_PrefabAsset: {fileID: 0}
  m_GameObject: {fileID: 548813001}
  m_Enabled: 1
  serializedVersion: 2
  m_ClearFlags: 1
  m_BackGroundColor: {r: 0.19215687, g: 0.3019608, b: 0.4745098, a: 0}
  m_projectionMatrixMode: 1
  m_SensorSize: {x: 36, y: 24}
  m_LensShift: {x: 0, y: 0}
  m_GateFitMode: 2
  m_FocalLength: 50
  m_NormalizedViewPortRect:
    serializedVersion: 2
    x: 0
    y: 0
    width: 1
    height: 1
  near clip plane: 0.3
  far clip plane: 1000
  field of view: 60
  orthographic: 1
  orthographic size: 5
  m_Depth: -1
  m_CullingMask:
    serializedVersion: 2
    m_Bits: 4294967295
  m_RenderingPath: -1
  m_TargetTexture: {fileID: 0}
  m_TargetDisplay: 0
  m_TargetEye: 3
  m_HDR: 1
  m_AllowMSAA: 1
  m_AllowDynamicResolution: 0
  m_ForceIntoRT: 0
  m_OcclusionCulling: 1
  m_StereoConvergence: 10
  m_StereoSeparation: 0.022
--- !u!4 &548813004
Transform:
  m_ObjectHideFlags: 0
  m_CorrespondingSourceObject: {fileID: 0}
  m_PrefabInstance: {fileID: 0}
  m_PrefabAsset: {fileID: 0}
  m_GameObject: {fileID: 548813001}
  m_LocalRotation: {x: 0, y: 0, z: 0, w: 1}
  m_LocalPosition: {x: 0, y: 0, z: -10}
  m_LocalScale: {x: 1, y: 1, z: 1}
  m_Children: []
  m_Father: {fileID: 0}
  m_RootOrder: 0
  m_LocalEulerAnglesHint: {x: 0, y: 0, z: 0}
--- !u!1 &692338432
GameObject:
  m_ObjectHideFlags: 0
  m_CorrespondingSourceObject: {fileID: 0}
  m_PrefabInstance: {fileID: 0}
  m_PrefabAsset: {fileID: 0}
  serializedVersion: 6
  m_Component:
  - component: {fileID: 692338433}
  - component: {fileID: 692338438}
  - component: {fileID: 692338437}
  - component: {fileID: 692338434}
  m_Layer: 8
  m_Name: Tilemap
  m_TagString: Untagged
  m_Icon: {fileID: 0}
  m_NavMeshLayer: 0
  m_StaticEditorFlags: 0
  m_IsActive: 1
--- !u!4 &692338433
Transform:
  m_ObjectHideFlags: 0
  m_CorrespondingSourceObject: {fileID: 0}
  m_PrefabInstance: {fileID: 0}
  m_PrefabAsset: {fileID: 0}
  m_GameObject: {fileID: 692338432}
  m_LocalRotation: {x: -0, y: -0, z: -0, w: 1}
  m_LocalPosition: {x: 0, y: 0, z: 0}
  m_LocalScale: {x: 1, y: 1, z: 1}
  m_Children: []
  m_Father: {fileID: 821459329}
  m_RootOrder: 0
  m_LocalEulerAnglesHint: {x: 0, y: 0, z: 0}
--- !u!19719996 &692338434
TilemapCollider2D:
  m_ObjectHideFlags: 0
  m_CorrespondingSourceObject: {fileID: 0}
  m_PrefabInstance: {fileID: 0}
  m_PrefabAsset: {fileID: 0}
  m_GameObject: {fileID: 692338432}
  m_Enabled: 1
  m_Density: 1
  m_Material: {fileID: 0}
  m_IsTrigger: 0
  m_UsedByEffector: 0
  m_UsedByComposite: 0
  m_Offset: {x: 0, y: 0}
--- !u!483693784 &692338437
TilemapRenderer:
  m_ObjectHideFlags: 0
  m_CorrespondingSourceObject: {fileID: 0}
  m_PrefabInstance: {fileID: 0}
  m_PrefabAsset: {fileID: 0}
  m_GameObject: {fileID: 692338432}
  m_Enabled: 1
  m_CastShadows: 0
  m_ReceiveShadows: 0
  m_DynamicOccludee: 1
  m_MotionVectors: 1
  m_LightProbeUsage: 0
  m_ReflectionProbeUsage: 0
  m_RenderingLayerMask: 1
  m_RendererPriority: 0
  m_Materials:
  - {fileID: 10754, guid: 0000000000000000f000000000000000, type: 0}
  m_StaticBatchInfo:
    firstSubMesh: 0
    subMeshCount: 0
  m_StaticBatchRoot: {fileID: 0}
  m_ProbeAnchor: {fileID: 0}
  m_LightProbeVolumeOverride: {fileID: 0}
  m_ScaleInLightmap: 1
  m_PreserveUVs: 0
  m_IgnoreNormalsForChartDetection: 0
  m_ImportantGI: 0
  m_StitchLightmapSeams: 0
  m_SelectedEditorRenderState: 0
  m_MinimumChartSize: 4
  m_AutoUVMaxDistance: 0.5
  m_AutoUVMaxAngle: 89
  m_LightmapParameters: {fileID: 0}
  m_SortingLayerID: 600026165
  m_SortingLayer: 3
  m_SortingOrder: 0
  m_ChunkSize: {x: 32, y: 32, z: 32}
  m_ChunkCullingBounds: {x: 0, y: 0, z: 0}
  m_MaxChunkCount: 16
  m_MaxFrameAge: 16
  m_SortOrder: 0
  m_Mode: 0
  m_DetectChunkCullingBounds: 0
  m_MaskInteraction: 0
--- !u!1839735485 &692338438
Tilemap:
  m_ObjectHideFlags: 0
  m_CorrespondingSourceObject: {fileID: 0}
  m_PrefabInstance: {fileID: 0}
  m_PrefabAsset: {fileID: 0}
  m_GameObject: {fileID: 692338432}
  m_Enabled: 1
  m_Tiles:
  - first: {x: -9, y: -2, z: 0}
    second:
      m_TileIndex: 0
      m_TileSpriteIndex: 0
      m_TileMatrixIndex: 0
      m_TileColorIndex: 0
      m_ObjectToInstantiate: {fileID: 0}
      m_TileFlags: 1
      m_ColliderType: 1
  - first: {x: -8, y: -2, z: 0}
    second:
      m_TileIndex: 0
      m_TileSpriteIndex: 0
      m_TileMatrixIndex: 0
      m_TileColorIndex: 0
      m_ObjectToInstantiate: {fileID: 0}
      m_TileFlags: 1
      m_ColliderType: 1
  - first: {x: -7, y: -2, z: 0}
    second:
      m_TileIndex: 0
      m_TileSpriteIndex: 0
      m_TileMatrixIndex: 0
      m_TileColorIndex: 0
      m_ObjectToInstantiate: {fileID: 0}
      m_TileFlags: 1
      m_ColliderType: 1
  - first: {x: -6, y: -2, z: 0}
    second:
      m_TileIndex: 0
      m_TileSpriteIndex: 0
      m_TileMatrixIndex: 0
      m_TileColorIndex: 0
      m_ObjectToInstantiate: {fileID: 0}
      m_TileFlags: 1
      m_ColliderType: 1
  - first: {x: -5, y: -2, z: 0}
    second:
      m_TileIndex: 0
      m_TileSpriteIndex: 0
      m_TileMatrixIndex: 0
      m_TileColorIndex: 0
      m_ObjectToInstantiate: {fileID: 0}
      m_TileFlags: 1
      m_ColliderType: 1
  - first: {x: -4, y: -2, z: 0}
    second:
      m_TileIndex: 0
      m_TileSpriteIndex: 0
      m_TileMatrixIndex: 0
      m_TileColorIndex: 0
      m_ObjectToInstantiate: {fileID: 0}
      m_TileFlags: 1
      m_ColliderType: 1
  - first: {x: -3, y: -2, z: 0}
    second:
      m_TileIndex: 0
      m_TileSpriteIndex: 0
      m_TileMatrixIndex: 0
      m_TileColorIndex: 0
      m_ObjectToInstantiate: {fileID: 0}
      m_TileFlags: 1
      m_ColliderType: 1
  - first: {x: -2, y: -2, z: 0}
    second:
      m_TileIndex: 0
      m_TileSpriteIndex: 0
      m_TileMatrixIndex: 0
      m_TileColorIndex: 0
      m_ObjectToInstantiate: {fileID: 0}
      m_TileFlags: 1
      m_ColliderType: 1
  - first: {x: -1, y: -2, z: 0}
    second:
      m_TileIndex: 0
      m_TileSpriteIndex: 0
      m_TileMatrixIndex: 0
      m_TileColorIndex: 0
      m_ObjectToInstantiate: {fileID: 0}
      m_TileFlags: 1
      m_ColliderType: 1
  - first: {x: 0, y: -2, z: 0}
    second:
      m_TileIndex: 0
      m_TileSpriteIndex: 0
      m_TileMatrixIndex: 0
      m_TileColorIndex: 0
      m_ObjectToInstantiate: {fileID: 0}
      m_TileFlags: 1
      m_ColliderType: 1
  - first: {x: 1, y: -2, z: 0}
    second:
      m_TileIndex: 0
      m_TileSpriteIndex: 0
      m_TileMatrixIndex: 0
      m_TileColorIndex: 0
      m_ObjectToInstantiate: {fileID: 0}
      m_TileFlags: 1
      m_ColliderType: 1
  - first: {x: 2, y: -2, z: 0}
    second:
      m_TileIndex: 0
      m_TileSpriteIndex: 0
      m_TileMatrixIndex: 0
      m_TileColorIndex: 0
      m_ObjectToInstantiate: {fileID: 0}
      m_TileFlags: 1
      m_ColliderType: 1
  - first: {x: 3, y: -2, z: 0}
    second:
      m_TileIndex: 0
      m_TileSpriteIndex: 0
      m_TileMatrixIndex: 0
      m_TileColorIndex: 0
      m_ObjectToInstantiate: {fileID: 0}
      m_TileFlags: 1
      m_ColliderType: 1
  - first: {x: 4, y: -2, z: 0}
    second:
      m_TileIndex: 0
      m_TileSpriteIndex: 0
      m_TileMatrixIndex: 0
      m_TileColorIndex: 0
      m_ObjectToInstantiate: {fileID: 0}
      m_TileFlags: 1
      m_ColliderType: 1
  - first: {x: 5, y: -2, z: 0}
    second:
      m_TileIndex: 0
      m_TileSpriteIndex: 0
      m_TileMatrixIndex: 0
      m_TileColorIndex: 0
      m_ObjectToInstantiate: {fileID: 0}
      m_TileFlags: 1
      m_ColliderType: 1
  - first: {x: 6, y: -2, z: 0}
    second:
      m_TileIndex: 0
      m_TileSpriteIndex: 0
      m_TileMatrixIndex: 0
      m_TileColorIndex: 0
      m_ObjectToInstantiate: {fileID: 0}
      m_TileFlags: 1
      m_ColliderType: 1
  - first: {x: 7, y: -2, z: 0}
    second:
      m_TileIndex: 0
      m_TileSpriteIndex: 0
      m_TileMatrixIndex: 0
      m_TileColorIndex: 0
      m_ObjectToInstantiate: {fileID: 0}
      m_TileFlags: 1
      m_ColliderType: 1
  - first: {x: 8, y: -2, z: 0}
    second:
      m_TileIndex: 0
      m_TileSpriteIndex: 0
      m_TileMatrixIndex: 0
      m_TileColorIndex: 0
      m_ObjectToInstantiate: {fileID: 0}
      m_TileFlags: 1
      m_ColliderType: 1
  m_AnimatedTiles: {}
  m_TileAssetArray:
  - m_RefCount: 18
    m_Data: {fileID: 11400000, guid: a094b31571311428cb7c37678271eef3, type: 2}
  m_TileSpriteArray:
  - m_RefCount: 18
    m_Data: {fileID: 21300012, guid: e2f0235567d674271b5fa41c6c603fb5, type: 3}
  m_TileMatrixArray:
  - m_RefCount: 18
    m_Data:
      e00: 1
      e01: 0
      e02: 0
      e03: 0
      e10: 0
      e11: 1
      e12: 0
      e13: 0
      e20: 0
      e21: 0
      e22: 1
      e23: 0
      e30: 0
      e31: 0
      e32: 0
      e33: 1
  m_TileColorArray:
  - m_RefCount: 18
    m_Data: {r: 1, g: 1, b: 1, a: 1}
  m_AnimationFrameRate: 1
  m_Color: {r: 1, g: 1, b: 1, a: 1}
  m_Origin: {x: -9, y: -2, z: 0}
  m_Size: {x: 18, y: 2, z: 1}
  m_TileAnchor: {x: 0.5, y: 0.5, z: 0}
  m_TileOrientation: 0
  m_TileOrientationMatrix:
    e00: 1
    e01: 0
    e02: 0
    e03: 0
    e10: 0
    e11: 1
    e12: 0
    e13: 0
    e20: 0
    e21: 0
    e22: 1
    e23: 0
    e30: 0
    e31: 0
    e32: 0
    e33: 1
--- !u!1 &821459327
GameObject:
  m_ObjectHideFlags: 0
  m_CorrespondingSourceObject: {fileID: 0}
  m_PrefabInstance: {fileID: 0}
  m_PrefabAsset: {fileID: 0}
  serializedVersion: 6
  m_Component:
  - component: {fileID: 821459329}
  - component: {fileID: 821459328}
  m_Layer: 0
  m_Name: Grid
  m_TagString: Untagged
  m_Icon: {fileID: 0}
  m_NavMeshLayer: 0
  m_StaticEditorFlags: 0
  m_IsActive: 1
--- !u!156049354 &821459328
Grid:
  m_ObjectHideFlags: 0
  m_CorrespondingSourceObject: {fileID: 0}
  m_PrefabInstance: {fileID: 0}
  m_PrefabAsset: {fileID: 0}
  m_GameObject: {fileID: 821459327}
  m_Enabled: 1
  m_CellSize: {x: 1, y: 1, z: 0}
  m_CellGap: {x: 0, y: 0, z: 0}
  m_CellLayout: 0
  m_CellSwizzle: 0
--- !u!4 &821459329
Transform:
  m_ObjectHideFlags: 0
  m_CorrespondingSourceObject: {fileID: 0}
  m_PrefabInstance: {fileID: 0}
  m_PrefabAsset: {fileID: 0}
  m_GameObject: {fileID: 821459327}
  m_LocalRotation: {x: 0, y: 0, z: 0, w: 1}
  m_LocalPosition: {x: 0, y: 0, z: 0}
  m_LocalScale: {x: 1, y: 1, z: 1}
  m_Children:
  - {fileID: 692338433}
  m_Father: {fileID: 0}
  m_RootOrder: 3
  m_LocalEulerAnglesHint: {x: 0, y: 0, z: 0}
--- !u!1 &1494131397
GameObject:
  m_ObjectHideFlags: 0
  m_CorrespondingSourceObject: {fileID: 0}
  m_PrefabInstance: {fileID: 0}
  m_PrefabAsset: {fileID: 0}
  serializedVersion: 6
  m_Component:
  - component: {fileID: 1494131399}
  - component: {fileID: 1494131398}
  m_Layer: 0
  m_Name: GUI Manager
  m_TagString: Untagged
  m_Icon: {fileID: 0}
  m_NavMeshLayer: 0
  m_StaticEditorFlags: 0
  m_IsActive: 1
--- !u!114 &1494131398
MonoBehaviour:
  m_ObjectHideFlags: 0
  m_CorrespondingSourceObject: {fileID: 0}
  m_PrefabInstance: {fileID: 0}
  m_PrefabAsset: {fileID: 0}
  m_GameObject: {fileID: 1494131397}
  m_Enabled: 1
  m_EditorHideFlags: 0
  m_Script: {fileID: 11500000, guid: d64723688ce860840bebf5facbf67709, type: 3}
  m_Name: 
  m_EditorClassIdentifier: 
  HUD: {fileID: 0}
  HealthBars: []
  JetPackBars: []
  AmmoDisplays: []
  PauseScreen: {fileID: 0}
  TimeSplash: {fileID: 0}
  Buttons: {fileID: 0}
  Arrows: {fileID: 0}
  Joystick: {fileID: 0}
  PointsText: {fileID: 0}
  LevelText: {fileID: 0}
  PointsPattern: 000000
--- !u!4 &1494131399
Transform:
  m_ObjectHideFlags: 0
  m_CorrespondingSourceObject: {fileID: 0}
  m_PrefabInstance: {fileID: 0}
  m_PrefabAsset: {fileID: 0}
  m_GameObject: {fileID: 1494131397}
  m_LocalRotation: {x: 0, y: 0, z: 0, w: 1}
  m_LocalPosition: {x: 0, y: 0, z: 0}
  m_LocalScale: {x: 1, y: 1, z: 1}
  m_Children: []
  m_Father: {fileID: 0}
  m_RootOrder: 2
  m_LocalEulerAnglesHint: {x: 0, y: 0, z: 0}
--- !u!1 &1879484239
GameObject:
  m_ObjectHideFlags: 0
  m_CorrespondingSourceObject: {fileID: 0}
  m_PrefabInstance: {fileID: 0}
  m_PrefabAsset: {fileID: 0}
  serializedVersion: 6
  m_Component:
  - component: {fileID: 1879484243}
  - component: {fileID: 1879484242}
  - component: {fileID: 1879484241}
  - component: {fileID: 1879484240}
  - component: {fileID: 1879484245}
  - component: {fileID: 1879484244}
  m_Layer: 0
  m_Name: Managers
  m_TagString: Untagged
  m_Icon: {fileID: 0}
  m_NavMeshLayer: 0
  m_StaticEditorFlags: 0
  m_IsActive: 1
--- !u!114 &1879484240
MonoBehaviour:
  m_ObjectHideFlags: 0
  m_CorrespondingSourceObject: {fileID: 0}
  m_PrefabInstance: {fileID: 0}
  m_PrefabAsset: {fileID: 0}
  m_GameObject: {fileID: 1879484239}
  m_Enabled: 1
  m_EditorHideFlags: 0
  m_Script: {fileID: 11500000, guid: 88fcac034e6398d42ac254095d9b2d18, type: 3}
  m_Name: 
  m_EditorClassIdentifier: 
  PlayerPrefabs: []
  AutoAttributePlayerIDs: 1
  DebugSpawn: {fileID: 0}
  CheckpointAttributionAxis: 0
  CheckpointAttributionDirection: 0
  CurrentCheckPoint: {fileID: 0}
  PointsOfEntry: []
  IntroFadeDuration: 1
  OutroFadeDuration: 1
  RespawnDelay: 2
  LevelBounds:
    m_Center: {x: 0, y: 0.04, z: 0}
    m_Extent: {x: 8.91, y: 5, z: 5}
  OneWayLevelMode: 0
  NoGoingBackColliderSize: {x: 5, y: 5}
  NoGoingBackThreshold: 5
  NoGoingBackMinDistanceFromBounds: 10
  OneWayLevelKillMode: 0
--- !u!114 &1879484241
MonoBehaviour:
  m_ObjectHideFlags: 0
  m_CorrespondingSourceObject: {fileID: 0}
  m_PrefabInstance: {fileID: 0}
  m_PrefabAsset: {fileID: 0}
  m_GameObject: {fileID: 1879484239}
  m_Enabled: 1
  m_EditorHideFlags: 0
  m_Script: {fileID: 11500000, guid: ec0a7c5525d175b488e70c65147b06d1, type: 3}
  m_Name: 
  m_EditorClassIdentifier: 
  InputDetectionActive: 1
  PlayerID: Player1
  AutoMobileDetection: 1
  ForcedMode: 0
  HideMobileControlsInEditor: 0
  MovementControl: 0
  SmoothMovement: 1
  Threshold: {x: 0.1, y: 0.4}
--- !u!114 &1879484242
MonoBehaviour:
  m_ObjectHideFlags: 0
  m_CorrespondingSourceObject: {fileID: 0}
  m_PrefabInstance: {fileID: 0}
  m_PrefabAsset: {fileID: 0}
  m_GameObject: {fileID: 1879484239}
  m_Enabled: 1
  m_EditorHideFlags: 0
  m_Script: {fileID: 11500000, guid: 87418644c0f29bf43b19453d3639eb4d, type: 3}
  m_Name: 
  m_EditorClassIdentifier: 
  TargetFrameRate: 300
  MaximumLives: 0
  CurrentLives: 0
  GameOverScene: 
--- !u!4 &1879484243
Transform:
  m_ObjectHideFlags: 0
  m_CorrespondingSourceObject: {fileID: 0}
  m_PrefabInstance: {fileID: 0}
  m_PrefabAsset: {fileID: 0}
  m_GameObject: {fileID: 1879484239}
  m_LocalRotation: {x: 0, y: 0, z: 0, w: 1}
  m_LocalPosition: {x: -0.34361652, y: 1.8081429, z: -1.9308306}
  m_LocalScale: {x: 1, y: 1, z: 1}
  m_Children: []
  m_Father: {fileID: 0}
  m_RootOrder: 1
  m_LocalEulerAnglesHint: {x: 0, y: 0, z: 0}
--- !u!114 &1879484244
MonoBehaviour:
  m_ObjectHideFlags: 0
  m_CorrespondingSourceObject: {fileID: 0}
  m_PrefabInstance: {fileID: 0}
  m_PrefabAsset: {fileID: 0}
  m_GameObject: {fileID: 1879484239}
  m_Enabled: 1
  m_EditorHideFlags: 0
  m_Script: {fileID: 11500000, guid: fa4c7ca0456fd4f909f5250add1cc1e0, type: 3}
  m_Name: 
  m_EditorClassIdentifier: 
--- !u!114 &1879484245
MonoBehaviour:
  m_ObjectHideFlags: 0
  m_CorrespondingSourceObject: {fileID: 0}
  m_PrefabInstance: {fileID: 0}
  m_PrefabAsset: {fileID: 0}
  m_GameObject: {fileID: 1879484239}
  m_Enabled: 1
  m_EditorHideFlags: 0
  m_Script: {fileID: 11500000, guid: 6b0bab60638ea6b479c67ccb89ea5a80, type: 3}
  m_Name: 
  m_EditorClassIdentifier: 
  Settings:
    MusicOn: 1
    SfxOn: 1
  MusicVolume: 0.3
  SfxVolume: 1
  MuteSfxOnPause: 1
--- !u!1 &2113119229
GameObject:
  m_ObjectHideFlags: 0
  m_CorrespondingSourceObject: {fileID: 0}
  m_PrefabInstance: {fileID: 0}
  m_PrefabAsset: {fileID: 0}
  serializedVersion: 6
  m_Component:
  - component: {fileID: 2113119253}
  - component: {fileID: 2113119252}
  - component: {fileID: 2113119254}
  - component: {fileID: 2113119251}
  - component: {fileID: 2113119250}
  - component: {fileID: 2113119249}
  - component: {fileID: 2113119248}
  - component: {fileID: 2113119247}
  - component: {fileID: 2113119246}
  - component: {fileID: 2113119245}
  - component: {fileID: 2113119244}
  - component: {fileID: 2113119243}
  - component: {fileID: 2113119242}
  - component: {fileID: 2113119241}
  - component: {fileID: 2113119240}
  - component: {fileID: 2113119239}
  - component: {fileID: 2113119238}
  - component: {fileID: 2113119237}
  - component: {fileID: 2113119236}
  - component: {fileID: 2113119235}
  - component: {fileID: 2113119234}
  - component: {fileID: 2113119233}
  - component: {fileID: 2113119232}
  - component: {fileID: 2113119231}
  - component: {fileID: 2113119230}
  m_Layer: 9
  m_Name: Player
  m_TagString: Player
  m_Icon: {fileID: 0}
  m_NavMeshLayer: 0
  m_StaticEditorFlags: 0
  m_IsActive: 1
--- !u!114 &2113119230
MonoBehaviour:
  m_ObjectHideFlags: 0
  m_CorrespondingSourceObject: {fileID: 0}
  m_PrefabInstance: {fileID: 0}
  m_PrefabAsset: {fileID: 0}
  m_GameObject: {fileID: 2113119229}
  m_Enabled: 1
  m_EditorHideFlags: 0
  m_Script: {fileID: 11500000, guid: 6a07c6668aa55403790d27b575279549, type: 3}
  m_Name: 
  m_EditorClassIdentifier: 
  AbilityStartSfx: {fileID: 0}
  AbilityInProgressSfx: {fileID: 0}
  AbilityStopSfx: {fileID: 0}
  AbilityPermitted: 1
  InitialWeapon: {fileID: 114910019878588262, guid: 6db0479e3627d48ac9f2d65812fc05dc,
    type: 3}
  WeaponAttachment: {fileID: 0}
  CanPickupWeapons: 1
  CurrentWeapon: {fileID: 0}
  ContinuousPress: 1
  AutomaticallyBindAnimator: 1
  GettingHitInterruptsAttack: 0
--- !u!114 &2113119231
MonoBehaviour:
  m_ObjectHideFlags: 0
  m_CorrespondingSourceObject: {fileID: 0}
  m_PrefabInstance: {fileID: 0}
  m_PrefabAsset: {fileID: 0}
  m_GameObject: {fileID: 2113119229}
  m_Enabled: 1
  m_EditorHideFlags: 0
  m_Script: {fileID: 11500000, guid: 46406e788b52547b6b352456466eb58b, type: 3}
  m_Name: 
  m_EditorClassIdentifier: 
  AbilityStartSfx: {fileID: 0}
  AbilityInProgressSfx: {fileID: 0}
  AbilityStopSfx: {fileID: 0}
  AbilityPermitted: 1
  PreventJumpWhenInZone: 1
--- !u!114 &2113119232
MonoBehaviour:
  m_ObjectHideFlags: 0
  m_CorrespondingSourceObject: {fileID: 0}
  m_PrefabInstance: {fileID: 0}
  m_PrefabAsset: {fileID: 0}
  m_GameObject: {fileID: 2113119229}
  m_Enabled: 1
  m_EditorHideFlags: 0
  m_Script: {fileID: 11500000, guid: f59e06702d6be45948936bd909420d61, type: 3}
  m_Name: 
  m_EditorClassIdentifier: 
  AbilityStartSfx: {fileID: 0}
  AbilityInProgressSfx: {fileID: 0}
  AbilityStopSfx: {fileID: 0}
  AbilityPermitted: 1
--- !u!114 &2113119233
MonoBehaviour:
  m_ObjectHideFlags: 0
  m_CorrespondingSourceObject: {fileID: 0}
  m_PrefabInstance: {fileID: 0}
  m_PrefabAsset: {fileID: 0}
  m_GameObject: {fileID: 2113119229}
  m_Enabled: 1
  m_EditorHideFlags: 0
  m_Script: {fileID: 11500000, guid: d96ed8ea1ca8048f6a2b90871e211025, type: 3}
  m_Name: 
  m_EditorClassIdentifier: 
  AbilityStartSfx: {fileID: 0}
  AbilityInProgressSfx: {fileID: 0}
  AbilityStopSfx: {fileID: 0}
  AbilityPermitted: 1
  LadderClimbingSpeed: 2
  ForceRightFacing: 0
--- !u!114 &2113119234
MonoBehaviour:
  m_ObjectHideFlags: 0
  m_CorrespondingSourceObject: {fileID: 0}
  m_PrefabInstance: {fileID: 0}
  m_PrefabAsset: {fileID: 0}
  m_GameObject: {fileID: 2113119229}
  m_Enabled: 1
  m_EditorHideFlags: 0
  m_Script: {fileID: 11500000, guid: eeabffc5d6e694a8287c891288b0a4be, type: 3}
  m_Name: 
  m_EditorClassIdentifier: 
  AbilityStartSfx: {fileID: 0}
  AbilityInProgressSfx: {fileID: 0}
  AbilityStopSfx: {fileID: 0}
  AbilityPermitted: 1
  WallJumpForce: {x: 10, y: 4}
--- !u!114 &2113119235
MonoBehaviour:
  m_ObjectHideFlags: 0
  m_CorrespondingSourceObject: {fileID: 0}
  m_PrefabInstance: {fileID: 0}
  m_PrefabAsset: {fileID: 0}
  m_GameObject: {fileID: 2113119229}
  m_Enabled: 1
  m_EditorHideFlags: 0
  m_Script: {fileID: 11500000, guid: 51d7707613113491a9d85f1caab5837b, type: 3}
  m_Name: 
  m_EditorClassIdentifier: 
  AbilityStartSfx: {fileID: 0}
  AbilityInProgressSfx: {fileID: 0}
  AbilityStopSfx: {fileID: 0}
  AbilityPermitted: 1
  WallClingingSlowFactor: 0.6
  WallClingingTolerance: 0.3
--- !u!114 &2113119236
MonoBehaviour:
  m_ObjectHideFlags: 0
  m_CorrespondingSourceObject: {fileID: 0}
  m_PrefabInstance: {fileID: 0}
  m_PrefabAsset: {fileID: 0}
  m_GameObject: {fileID: 2113119229}
  m_Enabled: 1
  m_EditorHideFlags: 0
  m_Script: {fileID: 11500000, guid: 91c7e9428883e43cc8ce6e26ef802353, type: 3}
  m_Name: 
  m_EditorClassIdentifier: 
  AbilityStartSfx: {fileID: 0}
  AbilityInProgressSfx: {fileID: 0}
  AbilityStopSfx: {fileID: 0}
  AbilityPermitted: 1
  BufferDurationAfterGrip: 0.3
--- !u!114 &2113119237
MonoBehaviour:
  m_ObjectHideFlags: 0
  m_CorrespondingSourceObject: {fileID: 0}
  m_PrefabInstance: {fileID: 0}
  m_PrefabAsset: {fileID: 0}
  m_GameObject: {fileID: 2113119229}
  m_Enabled: 1
  m_EditorHideFlags: 0
  m_Script: {fileID: 11500000, guid: 4a40489dc31af43749444be35e176198, type: 3}
  m_Name: 
  m_EditorClassIdentifier: 
  AbilityStartSfx: {fileID: 0}
  AbilityInProgressSfx: {fileID: 0}
  AbilityStopSfx: {fileID: 0}
  AbilityPermitted: 1
  HorizontalInputThreshold: 0.5
--- !u!114 &2113119238
MonoBehaviour:
  m_ObjectHideFlags: 0
  m_CorrespondingSourceObject: {fileID: 0}
  m_PrefabInstance: {fileID: 0}
  m_PrefabAsset: {fileID: 0}
  m_GameObject: {fileID: 2113119229}
  m_Enabled: 1
  m_EditorHideFlags: 0
  m_Script: {fileID: 11500000, guid: 3d37391d2147a467db78bf732ae24daa, type: 3}
  m_Name: 
  m_EditorClassIdentifier: 
  AbilityStartSfx: {fileID: 0}
  AbilityInProgressSfx: {fileID: 0}
  AbilityStopSfx: {fileID: 0}
  AbilityPermitted: 1
  MovingPlatformsJumpCollisionOffDuration: 0.05
  ParticleEmitter: {fileID: 0}
  JetpackForce: 2.5
  JetpackUnlimited: 0
  JetpackFuelDuration: 5
  JetpackRefuelCooldown: 1
  MinimumFuelRequirement: 0.2
  JetpackRefueledSfx: {fileID: 0}
--- !u!114 &2113119239
MonoBehaviour:
  m_ObjectHideFlags: 0
  m_CorrespondingSourceObject: {fileID: 0}
  m_PrefabInstance: {fileID: 0}
  m_PrefabAsset: {fileID: 0}
  m_GameObject: {fileID: 2113119229}
  m_Enabled: 1
  m_EditorHideFlags: 0
  m_Script: {fileID: 11500000, guid: 1fd71e945bfcd4897b3a95607989c7d4, type: 3}
  m_Name: 
  m_EditorClassIdentifier: 
  AbilityStartSfx: {fileID: 0}
  AbilityInProgressSfx: {fileID: 0}
  AbilityStopSfx: {fileID: 0}
  AbilityPermitted: 1
  RunSpeed: 16
--- !u!114 &2113119240
MonoBehaviour:
  m_ObjectHideFlags: 0
  m_CorrespondingSourceObject: {fileID: 0}
  m_PrefabInstance: {fileID: 0}
  m_PrefabAsset: {fileID: 0}
  m_GameObject: {fileID: 2113119229}
  m_Enabled: 1
  m_EditorHideFlags: 0
  m_Script: {fileID: 11500000, guid: f1c1a8bab4d234998bcbc559bb58fa11, type: 3}
  m_Name: 
  m_EditorClassIdentifier: 
  AbilityStartSfx: {fileID: 0}
  AbilityInProgressSfx: {fileID: 0}
  AbilityStopSfx: {fileID: 0}
  AbilityPermitted: 1
  JumpHeight: 3.025
  NumberOfJumps: 3
  JumpRestrictions: 2
  JumpTimeWindow: 0
  JumpIsProportionalToThePressTime: 1
  JumpMinimumAirTime: 0.1
  JumpReleaseForceFactor: 2
  OneWayPlatformsJumpCollisionOffDuration: 0.3
  MovingPlatformsJumpCollisionOffDuration: 0.05
--- !u!114 &2113119241
MonoBehaviour:
  m_ObjectHideFlags: 0
  m_CorrespondingSourceObject: {fileID: 0}
  m_PrefabInstance: {fileID: 0}
  m_PrefabAsset: {fileID: 0}
  m_GameObject: {fileID: 2113119229}
  m_Enabled: 1
  m_EditorHideFlags: 0
  m_Script: {fileID: 11500000, guid: 98ba246fa819940cb8f8f89f002bb088, type: 3}
  m_Name: 
  m_EditorClassIdentifier: 
  AbilityStartSfx: {fileID: 0}
  AbilityInProgressSfx: {fileID: 0}
  AbilityStopSfx: {fileID: 0}
  AbilityPermitted: 1
  DanglingRaycastOrigin: {x: 0.7, y: -0.25, z: 0}
  DanglingRaycastLength: 2
--- !u!114 &2113119242
MonoBehaviour:
  m_ObjectHideFlags: 0
  m_CorrespondingSourceObject: {fileID: 0}
  m_PrefabInstance: {fileID: 0}
  m_PrefabAsset: {fileID: 0}
  m_GameObject: {fileID: 2113119229}
  m_Enabled: 1
  m_EditorHideFlags: 0
  m_Script: {fileID: 11500000, guid: 157b891c059034cea94ae0c9e235df50, type: 3}
  m_Name: 
  m_EditorClassIdentifier: 
  AbilityStartSfx: {fileID: 0}
  AbilityInProgressSfx: {fileID: 0}
  AbilityStopSfx: {fileID: 0}
  AbilityPermitted: 1
  ShakeParameters: {x: 1.5, y: 0.5, z: 1}
  DiveAcceleration: 2
--- !u!114 &2113119243
MonoBehaviour:
  m_ObjectHideFlags: 0
  m_CorrespondingSourceObject: {fileID: 0}
  m_PrefabInstance: {fileID: 0}
  m_PrefabAsset: {fileID: 0}
  m_GameObject: {fileID: 2113119229}
  m_Enabled: 1
  m_EditorHideFlags: 0
  m_Script: {fileID: 11500000, guid: d2bb48ea7e7fc4c0fa43dce17235f4f1, type: 3}
  m_Name: 
  m_EditorClassIdentifier: 
  AbilityStartSfx: {fileID: 0}
  AbilityInProgressSfx: {fileID: 0}
  AbilityStopSfx: {fileID: 0}
  AbilityPermitted: 1
  DashDistance: 3
  DashForce: 40
  DashCooldown: 1
--- !u!114 &2113119244
MonoBehaviour:
  m_ObjectHideFlags: 0
  m_CorrespondingSourceObject: {fileID: 0}
  m_PrefabInstance: {fileID: 0}
  m_PrefabAsset: {fileID: 0}
  m_GameObject: {fileID: 2113119229}
  m_Enabled: 1
  m_EditorHideFlags: 0
  m_Script: {fileID: 11500000, guid: 8071d2257235e403da6c6a0a966d6683, type: 3}
  m_Name: 
  m_EditorClassIdentifier: 
  AbilityStartSfx: {fileID: 0}
  AbilityInProgressSfx: {fileID: 0}
  AbilityStopSfx: {fileID: 0}
  AbilityPermitted: 1
  CrawlAuthorized: 1
  CrawlSpeed: 4
  ResizeColliderWhenCrouched: 0
  CrouchedBoxColliderSize: {x: 1, y: 1}
  InATunnel: 0
--- !u!114 &2113119245
MonoBehaviour:
  m_ObjectHideFlags: 0
  m_CorrespondingSourceObject: {fileID: 0}
  m_PrefabInstance: {fileID: 0}
  m_PrefabAsset: {fileID: 0}
  m_GameObject: {fileID: 2113119229}
  m_Enabled: 1
  m_EditorHideFlags: 0
  m_Script: {fileID: 11500000, guid: 4e24d0eb5fa7640038713564930581a9, type: 3}
  m_Name: 
  m_EditorClassIdentifier: 
  AbilityStartSfx: {fileID: 0}
  AbilityInProgressSfx: {fileID: 0}
  AbilityStopSfx: {fileID: 0}
  AbilityPermitted: 1
  WalkSpeed: 6
  MovementSpeedMultiplier: 1
  TouchTheGroundEffect: {fileID: 0}
  TouchTheGroundSfx: {fileID: 0}
--- !u!114 &2113119246
MonoBehaviour:
  m_ObjectHideFlags: 0
  m_CorrespondingSourceObject: {fileID: 0}
  m_PrefabInstance: {fileID: 0}
  m_PrefabAsset: {fileID: 0}
  m_GameObject: {fileID: 2113119229}
  m_Enabled: 1
  m_EditorHideFlags: 0
  m_Script: {fileID: 11500000, guid: e514a2b7cbba3c94fadd9e100df51189, type: 3}
  m_Name: 
  m_EditorClassIdentifier: 
  Top: 1
  Bottom: 2
  Left: 1
  Right: 1
--- !u!114 &2113119247
MonoBehaviour:
  m_ObjectHideFlags: 0
  m_CorrespondingSourceObject: {fileID: 0}
  m_PrefabInstance: {fileID: 0}
  m_PrefabAsset: {fileID: 0}
  m_GameObject: {fileID: 2113119229}
  m_Enabled: 1
  m_EditorHideFlags: 0
  m_Script: {fileID: 11500000, guid: 9716d97790a0a49889284ee813194576, type: 3}
  m_Name: 
  m_EditorClassIdentifier: 
  CurrentHealth: 0
  Invulnerable: 0
  InitialHealth: 10
  MaximumHealth: 10
  DamageEffect: {fileID: 0}
  DamageSfx: {fileID: 0}
  FlickerSpriteOnHit: 1
  ImmuneToKnockback: 0
  DeathEffect: {fileID: 0}
  DestroyOnDeath: 1
  DelayBeforeDestruction: 0
  CollisionsOffOnDeath: 1
  DeathForce: {x: 0, y: 10}
  PointsWhenDestroyed: 0
  VibrateOnDeath: 0
  RespawnAtInitialLocation: 0
--- !u!114 &2113119248
MonoBehaviour:
  m_ObjectHideFlags: 0
  m_CorrespondingSourceObject: {fileID: 0}
  m_PrefabInstance: {fileID: 0}
  m_PrefabAsset: {fileID: 0}
  m_GameObject: {fileID: 2113119229}
  m_Enabled: 1
  m_EditorHideFlags: 0
  m_Script: {fileID: 11500000, guid: 26d2b97c2edb15b4687c405cac22ec21, type: 3}
  m_Name: 
  m_EditorClassIdentifier: 
  DefaultParameters:
    Gravity: -30
    FallMultiplier: 1
    AscentMultiplier: 1
    MaxVelocity: {x: 100, y: 100}
    SpeedAccelerationOnGround: 20
    SpeedAccelerationInAir: 5
    SpeedFactor: 1
    MaximumSlopeAngle: 30
    SlopeAngleSpeedFactor:
      serializedVersion: 2
      m_Curve:
      - serializedVersion: 3
        time: -90
        value: 1
        inSlope: 0
        outSlope: 0
        tangentMode: 0
        weightedMode: 0
        inWeight: 0
        outWeight: 0
      - serializedVersion: 3
        time: 0
        value: 1
        inSlope: 0
        outSlope: 0
        tangentMode: 0
        weightedMode: 0
        inWeight: 0
        outWeight: 0
      - serializedVersion: 3
        time: 90
        value: 1
        inSlope: 0
        outSlope: 0
        tangentMode: 0
        weightedMode: 0
        inWeight: 0
        outWeight: 0
      m_PreInfinity: 2
      m_PostInfinity: 2
      m_RotationOrder: 4
    Physics2DInteraction: 1
    Physics2DPushForce: 2
    DrawRaycastsGizmos: 1
    DisplayWarnings: 1
  PlatformMask:
    serializedVersion: 2
    m_Bits: 256
  MovingPlatformMask:
    serializedVersion: 2
    m_Bits: 262144
  OneWayPlatformMask:
    serializedVersion: 2
    m_Bits: 2048
  MovingOneWayPlatformMask:
    serializedVersion: 2
    m_Bits: 1048576
  MidHeightOneWayPlatformMask:
    serializedVersion: 2
    m_Bits: 67108864
  DetachmentMethod: 0
  StandingOn: {fileID: 0}
  NumberOfHorizontalRays: 8
  NumberOfVerticalRays: 8
  RayOffset: 0.05
  CrouchedRaycastLengthMultiplier: 1
  CastRaysOnBothSides: 0
  StickToSlopes: 0
  StickyRaycastLength: 0
  StickToSlopesOffsetY: 0.2
  AutomaticGravitySettings: 1
--- !u!61 &2113119249
BoxCollider2D:
  m_ObjectHideFlags: 0
  m_CorrespondingSourceObject: {fileID: 0}
  m_PrefabInstance: {fileID: 0}
  m_PrefabAsset: {fileID: 0}
  m_GameObject: {fileID: 2113119229}
  m_Enabled: 1
  m_Density: 1
  m_Material: {fileID: 0}
  m_IsTrigger: 1
  m_UsedByEffector: 0
  m_UsedByComposite: 0
  m_Offset: {x: -0.03, y: -0.05}
  m_SpriteTilingProperty:
    border: {x: 0, y: 0, z: 0, w: 0}
    pivot: {x: 0.5, y: 0.5}
    oldSize: {x: 1, y: 1}
    newSize: {x: 1, y: 1}
    adaptiveTilingThreshold: 0.5
    drawMode: 0
    adaptiveTiling: 0
  m_AutoTiling: 0
  serializedVersion: 2
  m_Size: {x: 0.24, y: 0.45}
  m_EdgeRadius: 0
--- !u!50 &2113119250
Rigidbody2D:
  serializedVersion: 4
  m_ObjectHideFlags: 0
  m_CorrespondingSourceObject: {fileID: 0}
  m_PrefabInstance: {fileID: 0}
  m_PrefabAsset: {fileID: 0}
  m_GameObject: {fileID: 2113119229}
  m_BodyType: 1
  m_Simulated: 1
  m_UseFullKinematicContacts: 0
  m_UseAutoMass: 0
  m_Mass: 1
  m_LinearDrag: 0
  m_AngularDrag: 0.05
  m_GravityScale: 1
  m_Material: {fileID: 0}
  m_Interpolate: 0
  m_SleepingMode: 1
  m_CollisionDetection: 0
  m_Constraints: 0
--- !u!114 &2113119251
MonoBehaviour:
  m_ObjectHideFlags: 0
  m_CorrespondingSourceObject: {fileID: 0}
  m_PrefabInstance: {fileID: 0}
  m_PrefabAsset: {fileID: 0}
  m_GameObject: {fileID: 2113119229}
  m_Enabled: 1
  m_EditorHideFlags: 0
  m_Script: {fileID: 11500000, guid: 8b470d1b161b2454590386135b7fd64f, type: 3}
  m_Name: 
  m_EditorClassIdentifier: 
  CharacterType: 0
  PlayerID: Player1
  InitialFacingDirection: 1
  DirectionOnSpawn: 0
  CharacterAnimator: {fileID: 2113119254}
  UseDefaultMecanim: 1
  CharacterModel: {fileID: 0}
  FlipModelOnDirectionChange: 1
  ModelFlipValue: {x: -1, y: 1, z: 1}
  RotateModelOnDirectionChange: 0
  ModelRotationValue: {x: 0, y: 180, z: 0}
  ModelRotationSpeed: 0
  SendStateChangeEvents: 1
  SendStateUpdateEvents: 1
--- !u!212 &2113119252
SpriteRenderer:
  m_ObjectHideFlags: 0
  m_CorrespondingSourceObject: {fileID: 0}
  m_PrefabInstance: {fileID: 0}
  m_PrefabAsset: {fileID: 0}
  m_GameObject: {fileID: 2113119229}
  m_Enabled: 1
  m_CastShadows: 0
  m_ReceiveShadows: 0
  m_DynamicOccludee: 1
  m_MotionVectors: 1
  m_LightProbeUsage: 1
  m_ReflectionProbeUsage: 1
  m_RenderingLayerMask: 1
  m_RendererPriority: 0
  m_Materials:
  - {fileID: 10754, guid: 0000000000000000f000000000000000, type: 0}
  m_StaticBatchInfo:
    firstSubMesh: 0
    subMeshCount: 0
  m_StaticBatchRoot: {fileID: 0}
  m_ProbeAnchor: {fileID: 0}
  m_LightProbeVolumeOverride: {fileID: 0}
  m_ScaleInLightmap: 1
  m_PreserveUVs: 0
  m_IgnoreNormalsForChartDetection: 0
  m_ImportantGI: 0
  m_StitchLightmapSeams: 0
  m_SelectedEditorRenderState: 0
  m_MinimumChartSize: 4
  m_AutoUVMaxDistance: 0.5
  m_AutoUVMaxAngle: 89
  m_LightmapParameters: {fileID: 0}
  m_SortingLayerID: 0
  m_SortingLayer: 0
  m_SortingOrder: 0
  m_Sprite: {fileID: 21300002, guid: 107e9adfb9efe400d98a4ddb0e0afd47, type: 3}
  m_Color: {r: 1, g: 1, b: 1, a: 1}
  m_FlipX: 0
  m_FlipY: 0
  m_DrawMode: 0
  m_Size: {x: 1, y: 1}
  m_AdaptiveModeThreshold: 0.5
  m_SpriteTileMode: 0
  m_WasSpriteAssigned: 1
  m_MaskInteraction: 0
  m_SpriteSortPoint: 0
--- !u!4 &2113119253
Transform:
  m_ObjectHideFlags: 0
  m_CorrespondingSourceObject: {fileID: 0}
  m_PrefabInstance: {fileID: 0}
  m_PrefabAsset: {fileID: 0}
  m_GameObject: {fileID: 2113119229}
  m_LocalRotation: {x: 0, y: 0, z: 0, w: 1}
  m_LocalPosition: {x: -7.13, y: 0.83, z: -1.9308306}
  m_LocalScale: {x: 6.2252, y: 6.2252, z: 6.2252}
  m_Children: []
  m_Father: {fileID: 0}
  m_RootOrder: 4
  m_LocalEulerAnglesHint: {x: 0, y: 0, z: 0}
--- !u!95 &2113119254
Animator:
  serializedVersion: 3
  m_ObjectHideFlags: 0
  m_CorrespondingSourceObject: {fileID: 0}
  m_PrefabInstance: {fileID: 0}
  m_PrefabAsset: {fileID: 0}
  m_GameObject: {fileID: 2113119229}
  m_Enabled: 1
  m_Avatar: {fileID: 0}
  m_Controller: {fileID: 9100000, guid: 25afa5b15b28c44ae9942a6b4c64f532, type: 2}
  m_CullingMode: 0
  m_UpdateMode: 0
  m_ApplyRootMotion: 0
  m_LinearVelocityBlending: 0
  m_WarningMessage: 
  m_HasTransformHierarchy: 1
  m_AllowConstantClipSamplingOptimization: 1
  m_KeepAnimatorControllerStateOnDisable: 0
