%YAML 1.1
%TAG !u! tag:unity3d.com,2011:
--- !u!1 &4155180561020479649
GameObject:
  m_ObjectHideFlags: 0
  m_CorrespondingSourceObject: {fileID: 0}
  m_PrefabInstance: {fileID: 0}
  m_PrefabAsset: {fileID: 0}
  serializedVersion: 6
  m_Component:
  - component: {fileID: 4155180561020481375}
  - component: {fileID: 4155180561020481374}
  - component: {fileID: 4155180561020481369}
  - component: {fileID: 4155180561020481368}
  - component: {fileID: 4155180561020481371}
  - component: {fileID: 4155180561020481370}
  - component: {fileID: 4155180561020481365}
  - component: {fileID: 4155180561020481364}
  - component: {fileID: 4155180561020481367}
  - component: {fileID: 4155180561020481366}
  - component: {fileID: 4155180561020481361}
  - component: {fileID: 4155180561020481360}
  - component: {fileID: 4155180561020481363}
  - component: {fileID: 4155180561020481362}
  - component: {fileID: 4155180561020479661}
  - component: {fileID: 4155180561020479660}
  - component: {fileID: 4155180561020479663}
  - component: {fileID: 4155180561020479662}
  - component: {fileID: 4155180561020479657}
  - component: {fileID: 4155180561020479656}
  - component: {fileID: 4155180561020479659}
  - component: {fileID: 4155180561020479658}
  - component: {fileID: 4155180561020479653}
  - component: {fileID: 4155180561020479652}
  - component: {fileID: 4155180561020479655}
  - component: {fileID: 4155180561020479654}
  - component: {fileID: 4155180561020481372}
  m_Layer: 13
  m_Name: VacuumMan
  m_TagString: Untagged
  m_Icon: {fileID: 0}
  m_NavMeshLayer: 0
  m_StaticEditorFlags: 0
  m_IsActive: 1
--- !u!4 &4155180561020481375
Transform:
  m_ObjectHideFlags: 0
  m_CorrespondingSourceObject: {fileID: 0}
  m_PrefabInstance: {fileID: 0}
  m_PrefabAsset: {fileID: 0}
  m_GameObject: {fileID: 4155180561020479649}
  m_LocalRotation: {x: 0, y: 0, z: 0, w: 1}
  m_LocalPosition: {x: -5.79, y: -5.77, z: -1.05}
  m_LocalScale: {x: 0.70172, y: 0.70172, z: 0.70172}
  m_Children:
  - {fileID: 4155180561475357563}
  - {fileID: 4155180561896718868}
  m_Father: {fileID: 0}
  m_RootOrder: 0
  m_LocalEulerAnglesHint: {x: 0, y: 0, z: 0}
--- !u!212 &4155180561020481374
SpriteRenderer:
  m_ObjectHideFlags: 0
  m_CorrespondingSourceObject: {fileID: 0}
  m_PrefabInstance: {fileID: 0}
  m_PrefabAsset: {fileID: 0}
  m_GameObject: {fileID: 4155180561020479649}
  m_Enabled: 1
  m_CastShadows: 0
  m_ReceiveShadows: 0
  m_DynamicOccludee: 1
  m_MotionVectors: 1
  m_LightProbeUsage: 1
  m_ReflectionProbeUsage: 1
  m_RayTracingMode: 0
  m_RenderingLayerMask: 1
  m_RendererPriority: 0
  m_Materials:
  - {fileID: 2100000, guid: a97c105638bdf8b4a8650670310a4cd3, type: 2}
  m_StaticBatchInfo:
    firstSubMesh: 0
    subMeshCount: 0
  m_StaticBatchRoot: {fileID: 0}
  m_ProbeAnchor: {fileID: 0}
  m_LightProbeVolumeOverride: {fileID: 0}
  m_ScaleInLightmap: 1
  m_ReceiveGI: 1
  m_PreserveUVs: 0
  m_IgnoreNormalsForChartDetection: 0
  m_ImportantGI: 0
  m_StitchLightmapSeams: 0
  m_SelectedEditorRenderState: 0
  m_MinimumChartSize: 4
  m_AutoUVMaxDistance: 0.5
  m_AutoUVMaxAngle: 89
  m_LightmapParameters: {fileID: 0}
  m_SortingLayerID: 0
  m_SortingLayer: 0
  m_SortingOrder: 0
  m_Sprite: {fileID: 21300004, guid: b4a6f06faad82495288933894009bf30, type: 3}
  m_Color: {r: 1, g: 1, b: 1, a: 1}
  m_FlipX: 1
  m_FlipY: 0
  m_DrawMode: 0
  m_Size: {x: 2.09, y: 4.11}
  m_AdaptiveModeThreshold: 0.5
  m_SpriteTileMode: 0
  m_WasSpriteAssigned: 1
  m_MaskInteraction: 0
  m_SpriteSortPoint: 0
--- !u!114 &4155180561020481369
MonoBehaviour:
  m_ObjectHideFlags: 0
  m_CorrespondingSourceObject: {fileID: 0}
  m_PrefabInstance: {fileID: 0}
  m_PrefabAsset: {fileID: 0}
  m_GameObject: {fileID: 4155180561020479649}
  m_Enabled: 1
  m_EditorHideFlags: 0
  m_Script: {fileID: 11500000, guid: 8b470d1b161b2454590386135b7fd64f, type: 3}
  m_Name: 
  m_EditorClassIdentifier: 
  CharacterType: 1
  PlayerID: 
  InitialFacingDirection: 1
  DirectionOnSpawn: 0
  CharacterAnimator: {fileID: 4155180561020481372}
  UseDefaultMecanim: 1
  CharacterModel: {fileID: 4155180561020479649}
  CameraTarget: {fileID: 0}
  CameraTargetSpeed: 5
  FlipModelOnDirectionChange: 1
  ModelFlipValue: {x: -1, y: 1, z: 1}
  RotateModelOnDirectionChange: 0
  ModelRotationValue: {x: 0, y: 180, z: 0}
  ModelRotationSpeed: 0
  SendStateChangeEvents: 1
  SendStateUpdateEvents: 1
  AirborneDistance: 0.5
--- !u!50 &4155180561020481368
Rigidbody2D:
  serializedVersion: 4
  m_ObjectHideFlags: 0
  m_CorrespondingSourceObject: {fileID: 0}
  m_PrefabInstance: {fileID: 0}
  m_PrefabAsset: {fileID: 0}
  m_GameObject: {fileID: 4155180561020479649}
  m_BodyType: 1
  m_Simulated: 1
  m_UseFullKinematicContacts: 0
  m_UseAutoMass: 0
  m_Mass: 1
  m_LinearDrag: 0
  m_AngularDrag: 0.05
  m_GravityScale: 1
  m_Material: {fileID: 0}
  m_Interpolate: 0
  m_SleepingMode: 1
  m_CollisionDetection: 0
  m_Constraints: 0
--- !u!61 &4155180561020481371
BoxCollider2D:
  m_ObjectHideFlags: 0
  m_CorrespondingSourceObject: {fileID: 0}
  m_PrefabInstance: {fileID: 0}
  m_PrefabAsset: {fileID: 0}
  m_GameObject: {fileID: 4155180561020479649}
  m_Enabled: 1
  m_Density: 1
  m_Material: {fileID: 0}
  m_IsTrigger: 1
  m_UsedByEffector: 0
  m_UsedByComposite: 0
  m_Offset: {x: 0, y: 1.93}
  m_SpriteTilingProperty:
    border: {x: 0, y: 0, z: 0, w: 0}
    pivot: {x: 0.5216729, y: 0.04262905}
    oldSize: {x: 2.09, y: 4.11}
    newSize: {x: 2.09, y: 4.11}
    adaptiveTilingThreshold: 0.5
    drawMode: 0
    adaptiveTiling: 0
  m_AutoTiling: 0
  serializedVersion: 2
  m_Size: {x: 0.93, y: 4.11}
  m_EdgeRadius: 0
--- !u!114 &4155180561020481370
MonoBehaviour:
  m_ObjectHideFlags: 0
  m_CorrespondingSourceObject: {fileID: 0}
  m_PrefabInstance: {fileID: 0}
  m_PrefabAsset: {fileID: 0}
  m_GameObject: {fileID: 4155180561020479649}
  m_Enabled: 1
  m_EditorHideFlags: 0
  m_Script: {fileID: 11500000, guid: 26d2b97c2edb15b4687c405cac22ec21, type: 3}
  m_Name: 
  m_EditorClassIdentifier: 
  DefaultParameters:
    Gravity: -30
    FallMultiplier: 1
    AscentMultiplier: 1
    MaxVelocity: {x: 100, y: 100}
    SpeedAccelerationOnGround: 20
    SpeedAccelerationInAir: 5
    SpeedFactor: 1
    MaximumSlopeAngle: 30
    SlopeAngleSpeedFactor:
      serializedVersion: 2
      m_Curve:
      - serializedVersion: 3
        time: -90
        value: 1
        inSlope: 0
        outSlope: 0
        tangentMode: 0
        weightedMode: 0
        inWeight: 0
        outWeight: 0
      - serializedVersion: 3
        time: 0
        value: 1
        inSlope: 0
        outSlope: 0
        tangentMode: 0
        weightedMode: 0
        inWeight: 0
        outWeight: 0
      - serializedVersion: 3
        time: 90
        value: 1
        inSlope: 0
        outSlope: 0
        tangentMode: 0
        weightedMode: 0
        inWeight: 0
        outWeight: 0
      m_PreInfinity: 2
      m_PostInfinity: 2
      m_RotationOrder: 4
    Physics2DInteraction: 1
    Physics2DPushForce: 2
    DrawRaycastsGizmos: 1
    DisplayWarnings: 1
  PlatformMask:
    serializedVersion: 2
    m_Bits: 256
  MovingPlatformMask:
    serializedVersion: 2
    m_Bits: 262144
  OneWayPlatformMask:
    serializedVersion: 2
    m_Bits: 2048
  MovingOneWayPlatformMask:
    serializedVersion: 2
    m_Bits: 1048576
  MidHeightOneWayPlatformMask:
    serializedVersion: 2
    m_Bits: 67108864
  StairsMask:
    serializedVersion: 2
    m_Bits: 0
  DetachmentMethod: 0
  SafeSetTransform: 0
  StandingOn: {fileID: 0}
  NumberOfHorizontalRays: 8
  NumberOfVerticalRays: 8
  RayOffset: 0.05
  CrouchedRaycastLengthMultiplier: 1
  CastRaysOnBothSides: 0
  DistanceToTheGroundRayMaximumLength: 100
  PerformSafetyBoxcast: 0
  StickToSlopes: 0
  StickyRaycastLength: 0
  StickToSlopesOffsetY: 0.2
  AutomaticGravitySettings: 1
--- !u!114 &4155180561020481365
MonoBehaviour:
  m_ObjectHideFlags: 0
  m_CorrespondingSourceObject: {fileID: 0}
  m_PrefabInstance: {fileID: 0}
  m_PrefabAsset: {fileID: 0}
  m_GameObject: {fileID: 4155180561020479649}
  m_Enabled: 1
  m_EditorHideFlags: 0
  m_Script: {fileID: 11500000, guid: 9716d97790a0a49889284ee813194576, type: 3}
  m_Name: 
  m_EditorClassIdentifier: 
  CurrentHealth: 0
  TemporaryInvulnerable: 0
  InitialHealth: 500
  MaximumHealth: 500
  Invulnerable: 1
  DamageFeedbacks: {fileID: 0}
  FlickerSpriteOnHit: 1
  ImmuneToKnockback: 0
  DeathFeedbacks: {fileID: 0}
  DestroyOnDeath: 1
  DelayBeforeDestruction: 0
  CollisionsOffOnDeath: 1
  GravityOffOnDeath: 0
  PointsWhenDestroyed: 0
  VibrateOnDeath: 0
  RespawnAtInitialLocation: 0
  DeathForce: {x: 0, y: 10}
  ResetForcesOnDeath: 0
--- !u!114 &4155180561020481364
MonoBehaviour:
  m_ObjectHideFlags: 0
  m_CorrespondingSourceObject: {fileID: 0}
  m_PrefabInstance: {fileID: 0}
  m_PrefabAsset: {fileID: 0}
  m_GameObject: {fileID: 4155180561020479649}
  m_Enabled: 1
  m_EditorHideFlags: 0
  m_Script: {fileID: 11500000, guid: e514a2b7cbba3c94fadd9e100df51189, type: 3}
  m_Name: 
  m_EditorClassIdentifier: 
  Top: 1
  Bottom: 2
  Left: 1
  Right: 1
--- !u!114 &4155180561020481367
MonoBehaviour:
  m_ObjectHideFlags: 0
  m_CorrespondingSourceObject: {fileID: 0}
  m_PrefabInstance: {fileID: 0}
  m_PrefabAsset: {fileID: 0}
  m_GameObject: {fileID: 4155180561020479649}
  m_Enabled: 1
  m_EditorHideFlags: 0
  m_Script: {fileID: 11500000, guid: 4e24d0eb5fa7640038713564930581a9, type: 3}
  m_Name: 
  m_EditorClassIdentifier: 
  AbilityStartFeedbacks: {fileID: 0}
  AbilityStopFeedbacks: {fileID: 0}
  AbilityPermitted: 1
  WalkSpeed: 3
  MovementSpeedMultiplier: 1
  PushSpeedMultiplier: 1
  StateSpeedMultiplier: 1
  ReadInput: 1
  InstantAcceleration: 0
  InputThreshold: 0.1
  AirControl: 1
  AllowFlipInTheAir: 1
  TouchTheGroundFeedback: {fileID: 0}
  MinimumAirTimeBeforeFeedback: 0.2
  StopWalkingWhenCollidingWithAWall: 0
--- !u!114 &4155180561020481366
MonoBehaviour:
  m_ObjectHideFlags: 0
  m_CorrespondingSourceObject: {fileID: 0}
  m_PrefabInstance: {fileID: 0}
  m_PrefabAsset: {fileID: 0}
  m_GameObject: {fileID: 4155180561020479649}
  m_Enabled: 0
  m_EditorHideFlags: 0
  m_Script: {fileID: 11500000, guid: 8071d2257235e403da6c6a0a966d6683, type: 3}
  m_Name: 
  m_EditorClassIdentifier: 
  AbilityStartFeedbacks: {fileID: 0}
  AbilityStopFeedbacks: {fileID: 0}
  AbilityPermitted: 1
  CrawlAuthorized: 1
  CrawlSpeed: 4
  ResizeColliderWhenCrouched: 0
  CrouchedBoxColliderSize: {x: 1, y: 1}
  CanCrouchWhileMoving: 1
  InATunnel: 0
  MoveCameraTarget: 1
  CameraTargetOffset: {x: 0, y: -3, z: 0}
--- !u!114 &4155180561020481361
MonoBehaviour:
  m_ObjectHideFlags: 0
  m_CorrespondingSourceObject: {fileID: 0}
  m_PrefabInstance: {fileID: 0}
  m_PrefabAsset: {fileID: 0}
  m_GameObject: {fileID: 4155180561020479649}
  m_Enabled: 1
  m_EditorHideFlags: 0
  m_Script: {fileID: 11500000, guid: d2bb48ea7e7fc4c0fa43dce17235f4f1, type: 3}
  m_Name: 
  m_EditorClassIdentifier: 
  AbilityStartFeedbacks: {fileID: 0}
  AbilityStopFeedbacks: {fileID: 0}
  AbilityPermitted: 1
  DashDistance: 3
  DashForce: 40
  ResetForcesOnExit: 0
  Aim:
    AimControl: 2
    RotationMode: 0
    MinimumAngle: -180
    MaximumAngle: 180
  MinimumInputThreshold: 0.1
  FlipCharacterIfNeeded: 1
  AutoCorrectTrajectory: 1
  DashCooldown: 1
--- !u!114 &4155180561020481360
MonoBehaviour:
  m_ObjectHideFlags: 0
  m_CorrespondingSourceObject: {fileID: 0}
  m_PrefabInstance: {fileID: 0}
  m_PrefabAsset: {fileID: 0}
  m_GameObject: {fileID: 4155180561020479649}
  m_Enabled: 0
  m_EditorHideFlags: 0
  m_Script: {fileID: 11500000, guid: 157b891c059034cea94ae0c9e235df50, type: 3}
  m_Name: 
  m_EditorClassIdentifier: 
  AbilityStartFeedbacks: {fileID: 0}
  AbilityStopFeedbacks: {fileID: 0}
  AbilityPermitted: 1
  ShakeParameters: {x: 1.5, y: 0.5, z: 1}
  DiveAcceleration: 2
--- !u!114 &4155180561020481363
MonoBehaviour:
  m_ObjectHideFlags: 0
  m_CorrespondingSourceObject: {fileID: 0}
  m_PrefabInstance: {fileID: 0}
  m_PrefabAsset: {fileID: 0}
  m_GameObject: {fileID: 4155180561020479649}
  m_Enabled: 0
  m_EditorHideFlags: 0
  m_Script: {fileID: 11500000, guid: 98ba246fa819940cb8f8f89f002bb088, type: 3}
  m_Name: 
  m_EditorClassIdentifier: 
  AbilityStartFeedbacks: {fileID: 0}
  AbilityStopFeedbacks: {fileID: 0}
  AbilityPermitted: 1
  DanglingRaycastOrigin: {x: 0.7, y: -0.25, z: 0}
  DanglingRaycastLength: 2
--- !u!114 &4155180561020481362
MonoBehaviour:
  m_ObjectHideFlags: 0
  m_CorrespondingSourceObject: {fileID: 0}
  m_PrefabInstance: {fileID: 0}
  m_PrefabAsset: {fileID: 0}
  m_GameObject: {fileID: 4155180561020479649}
  m_Enabled: 1
  m_EditorHideFlags: 0
  m_Script: {fileID: 11500000, guid: f1c1a8bab4d234998bcbc559bb58fa11, type: 3}
  m_Name: 
  m_EditorClassIdentifier: 
  AbilityStartFeedbacks: {fileID: 0}
  AbilityStopFeedbacks: {fileID: 0}
  AbilityPermitted: 1
  NumberOfJumps: 0
  JumpHeight: 3.025
  JumpRestrictions: 2
  JumpTimeWindow: 0
  ResetCameraOffsetOnJump: 0
  CanJumpDownOneWayPlatforms: 1
  JumpIsProportionalToThePressTime: 1
  JumpMinimumAirTime: 0.1
  JumpReleaseForceFactor: 2
  OneWayPlatformsJumpCollisionOffDuration: 0.3
  MovingPlatformsJumpCollisionOffDuration: 0.05
  AirJumpFeedbacks: {fileID: 0}
  NumberOfJumpsLeft: 0
--- !u!114 &4155180561020479661
MonoBehaviour:
  m_ObjectHideFlags: 0
  m_CorrespondingSourceObject: {fileID: 0}
  m_PrefabInstance: {fileID: 0}
  m_PrefabAsset: {fileID: 0}
  m_GameObject: {fileID: 4155180561020479649}
  m_Enabled: 0
  m_EditorHideFlags: 0
  m_Script: {fileID: 11500000, guid: 1fd71e945bfcd4897b3a95607989c7d4, type: 3}
  m_Name: 
  m_EditorClassIdentifier: 
  AbilityStartFeedbacks: {fileID: 0}
  AbilityStopFeedbacks: {fileID: 0}
  AbilityPermitted: 1
  RunSpeed: 16
  ReadInput: 1
--- !u!114 &4155180561020479660
MonoBehaviour:
  m_ObjectHideFlags: 0
  m_CorrespondingSourceObject: {fileID: 0}
  m_PrefabInstance: {fileID: 0}
  m_PrefabAsset: {fileID: 0}
  m_GameObject: {fileID: 4155180561020479649}
  m_Enabled: 0
  m_EditorHideFlags: 0
  m_Script: {fileID: 11500000, guid: 3d37391d2147a467db78bf732ae24daa, type: 3}
  m_Name: 
  m_EditorClassIdentifier: 
  AbilityStartFeedbacks: {fileID: 0}
  AbilityStopFeedbacks: {fileID: 0}
  AbilityPermitted: 1
  MovingPlatformsJumpCollisionOffDuration: 0.05
  ParticleEmitter: {fileID: 0}
  JetpackForce: 2.5
  JetpackUnlimited: 0
  JetpackFuelDuration: 5
  JetpackRefuelCooldown: 1
  RefuelSpeed: 0.5
  MinimumFuelRequirement: 0.2
  JetpackRefueledSfx: {fileID: 0}
--- !u!114 &4155180561020479663
MonoBehaviour:
  m_ObjectHideFlags: 0
  m_CorrespondingSourceObject: {fileID: 0}
  m_PrefabInstance: {fileID: 0}
  m_PrefabAsset: {fileID: 0}
  m_GameObject: {fileID: 4155180561020479649}
  m_Enabled: 0
  m_EditorHideFlags: 0
  m_Script: {fileID: 11500000, guid: 4a40489dc31af43749444be35e176198, type: 3}
  m_Name: 
  m_EditorClassIdentifier: 
  AbilityStartFeedbacks: {fileID: 0}
  AbilityStopFeedbacks: {fileID: 0}
  AbilityPermitted: 1
  HorizontalInputThreshold: 0.5
  MoveCameraTarget: 1
  CameraTargetOffset: {x: 0, y: 6, z: 0}
--- !u!114 &4155180561020479662
MonoBehaviour:
  m_ObjectHideFlags: 0
  m_CorrespondingSourceObject: {fileID: 0}
  m_PrefabInstance: {fileID: 0}
  m_PrefabAsset: {fileID: 0}
  m_GameObject: {fileID: 4155180561020479649}
  m_Enabled: 0
  m_EditorHideFlags: 0
  m_Script: {fileID: 11500000, guid: 91c7e9428883e43cc8ce6e26ef802353, type: 3}
  m_Name: 
  m_EditorClassIdentifier: 
  AbilityStartFeedbacks: {fileID: 0}
  AbilityStopFeedbacks: {fileID: 0}
  AbilityPermitted: 1
  BufferDurationAfterGrip: 0.3
--- !u!114 &4155180561020479657
MonoBehaviour:
  m_ObjectHideFlags: 0
  m_CorrespondingSourceObject: {fileID: 0}
  m_PrefabInstance: {fileID: 0}
  m_PrefabAsset: {fileID: 0}
  m_GameObject: {fileID: 4155180561020479649}
  m_Enabled: 0
  m_EditorHideFlags: 0
  m_Script: {fileID: 11500000, guid: 51d7707613113491a9d85f1caab5837b, type: 3}
  m_Name: 
  m_EditorClassIdentifier: 
  AbilityStartFeedbacks: {fileID: 0}
  AbilityStopFeedbacks: {fileID: 0}
  AbilityPermitted: 1
  WallClingingSlowFactor: 0.6
  RaycastVerticalOffset: 0
  WallClingingTolerance: 0.3
  InputIndependent: 0
--- !u!114 &4155180561020479656
MonoBehaviour:
  m_ObjectHideFlags: 0
  m_CorrespondingSourceObject: {fileID: 0}
  m_PrefabInstance: {fileID: 0}
  m_PrefabAsset: {fileID: 0}
  m_GameObject: {fileID: 4155180561020479649}
  m_Enabled: 0
  m_EditorHideFlags: 0
  m_Script: {fileID: 11500000, guid: eeabffc5d6e694a8287c891288b0a4be, type: 3}
  m_Name: 
  m_EditorClassIdentifier: 
  AbilityStartFeedbacks: {fileID: 0}
  AbilityStopFeedbacks: {fileID: 0}
  AbilityPermitted: 1
  WallJumpForce: {x: 10, y: 4}
  ShouldReduceNumberOfJumpsLeft: 1
  ForceMode: 0
--- !u!114 &4155180561020479659
MonoBehaviour:
  m_ObjectHideFlags: 0
  m_CorrespondingSourceObject: {fileID: 0}
  m_PrefabInstance: {fileID: 0}
  m_PrefabAsset: {fileID: 0}
  m_GameObject: {fileID: 4155180561020479649}
  m_Enabled: 0
  m_EditorHideFlags: 0
  m_Script: {fileID: 11500000, guid: d96ed8ea1ca8048f6a2b90871e211025, type: 3}
  m_Name: 
  m_EditorClassIdentifier: 
  AbilityStartFeedbacks: {fileID: 0}
  AbilityStopFeedbacks: {fileID: 0}
  AbilityPermitted: 1
  LadderClimbingSpeed: 2
  ForceRightFacing: 0
--- !u!114 &4155180561020479658
MonoBehaviour:
  m_ObjectHideFlags: 0
  m_CorrespondingSourceObject: {fileID: 0}
  m_PrefabInstance: {fileID: 0}
  m_PrefabAsset: {fileID: 0}
  m_GameObject: {fileID: 4155180561020479649}
  m_Enabled: 1
  m_EditorHideFlags: 0
  m_Script: {fileID: 11500000, guid: f59e06702d6be45948936bd909420d61, type: 3}
  m_Name: 
  m_EditorClassIdentifier: 
  AbilityStartFeedbacks: {fileID: 0}
  AbilityStopFeedbacks: {fileID: 0}
  AbilityPermitted: 1
--- !u!114 &4155180561020479653
MonoBehaviour:
  m_ObjectHideFlags: 0
  m_CorrespondingSourceObject: {fileID: 0}
  m_PrefabInstance: {fileID: 0}
  m_PrefabAsset: {fileID: 0}
  m_GameObject: {fileID: 4155180561020479649}
  m_Enabled: 0
  m_EditorHideFlags: 0
  m_Script: {fileID: 11500000, guid: 46406e788b52547b6b352456466eb58b, type: 3}
  m_Name: 
  m_EditorClassIdentifier: 
  AbilityStartFeedbacks: {fileID: 0}
  AbilityStopFeedbacks: {fileID: 0}
  AbilityPermitted: 1
  PreventJumpWhenInZone: 1
--- !u!114 &4155180561020479652
MonoBehaviour:
  m_ObjectHideFlags: 0
  m_CorrespondingSourceObject: {fileID: 0}
  m_PrefabInstance: {fileID: 0}
  m_PrefabAsset: {fileID: 0}
  m_GameObject: {fileID: 4155180561020479649}
  m_Enabled: 1
  m_EditorHideFlags: 0
  m_Script: {fileID: 11500000, guid: 6a07c6668aa55403790d27b575279549, type: 3}
  m_Name: 
  m_EditorClassIdentifier: 
  AbilityStartFeedbacks: {fileID: 0}
  AbilityStopFeedbacks: {fileID: 0}
  AbilityPermitted: 1
  InitialWeapon: {fileID: 0}
  CanPickupWeapons: 1
  WeaponAttachment: {fileID: 4155180561020481375}
  ForceWeaponScaleResetOnEquip: 0
  AutomaticallyBindAnimator: 1
  AmmoDisplayID: 0
  ContinuousPress: 0
  GettingHitInterruptsAttack: 0
  CanShootFromLadders: 0
  BufferInput: 0
  NewInputExtendsBuffer: 0
  MaximumBufferDuration: 0.25
  CurrentWeapon: {fileID: 0}
--- !u!114 &4155180561020479655
MonoBehaviour:
  m_ObjectHideFlags: 0
  m_CorrespondingSourceObject: {fileID: 0}
  m_PrefabInstance: {fileID: 0}
  m_PrefabAsset: {fileID: 0}
  m_GameObject: {fileID: 4155180561020479649}
  m_Enabled: 0
  m_EditorHideFlags: 0
  m_Script: {fileID: 11500000, guid: 76891b3b532f84acaaeed44c357bd00c, type: 3}
  m_Name: 
  m_EditorClassIdentifier: 
  TargetLayerMask:
    serializedVersion: 2
    m_Bits: 512
  DamageCaused: 10
  DamageCausedKnockbackType: 1
  DamageCausedKnockbackDirection: 0
  DamageCausedKnockbackForce: {x: 10, y: 2}
  InvincibilityDuration: 0.5
  DamageTakenEveryTime: 0
  DamageTakenDamageable: 0
  DamageTakenNonDamageable: 0
  DamageTakenKnockbackType: 0
  DamagedTakenKnockbackDirection: 0
  DamageTakenKnockbackForce: {x: 0, y: 0}
  DamageTakenInvincibilityDuration: 0.5
  HitDamageableFeedback: {fileID: 0}
  HitNonDamageableFeedback: {fileID: 0}
  FreezeFramesOnHitDuration: 0
  Owner: {fileID: 0}
--- !u!114 &4155180561020479654
MonoBehaviour:
  m_ObjectHideFlags: 0
  m_CorrespondingSourceObject: {fileID: 0}
  m_PrefabInstance: {fileID: 0}
  m_PrefabAsset: {fileID: 0}
  m_GameObject: {fileID: 4155180561020479649}
  m_Enabled: 1
  m_EditorHideFlags: 0
  m_Script: {fileID: 11500000, guid: ed782cf6d45978347bcea1b2ec201483, type: 3}
  m_Name: 
  m_EditorClassIdentifier: 
  WalkBehaviour: 0
  ChangeDirectionOnWall: 1
  AvoidFalling: 1
  HoleDetectionOffset: {x: 0, y: 0, z: 0}
  HoleDetectionRaycastLength: 1.88
  ViewDistance: 10
  StopDistance: 1
  MoveOnSightRayOffset: {x: 0, y: 0, z: 0}
  MoveOnSightLayer:
    serializedVersion: 2
    m_Bits: 0
  MoveOnSightObstaclesLayer:
    serializedVersion: 2
    m_Bits: 0
--- !u!95 &4155180561020481372
Animator:
  serializedVersion: 3
  m_ObjectHideFlags: 0
  m_CorrespondingSourceObject: {fileID: 0}
  m_PrefabInstance: {fileID: 0}
  m_PrefabAsset: {fileID: 0}
  m_GameObject: {fileID: 4155180561020479649}
  m_Enabled: 1
  m_Avatar: {fileID: 0}
  m_Controller: {fileID: 9100000, guid: c8d50822080e8405db0b11d21a185294, type: 2}
  m_CullingMode: 0
  m_UpdateMode: 0
  m_ApplyRootMotion: 0
  m_LinearVelocityBlending: 0
  m_WarningMessage: 
  m_HasTransformHierarchy: 1
  m_AllowConstantClipSamplingOptimization: 1
  m_KeepAnimatorControllerStateOnDisable: 0
--- !u!1 &4155180561475357562
GameObject:
  m_ObjectHideFlags: 0
  m_CorrespondingSourceObject: {fileID: 0}
  m_PrefabInstance: {fileID: 0}
  m_PrefabAsset: {fileID: 0}
  serializedVersion: 6
  m_Component:
  - component: {fileID: 4155180561475357563}
  - component: {fileID: 4155180561475357560}
  m_Layer: 13
  m_Name: VacuumTank (1)
  m_TagString: Untagged
  m_Icon: {fileID: 0}
  m_NavMeshLayer: 0
  m_StaticEditorFlags: 0
  m_IsActive: 1
--- !u!4 &4155180561475357563
Transform:
  m_ObjectHideFlags: 0
  m_CorrespondingSourceObject: {fileID: 0}
  m_PrefabInstance: {fileID: 0}
  m_PrefabAsset: {fileID: 0}
  m_GameObject: {fileID: 4155180561475357562}
  m_LocalRotation: {x: -0, y: 0, z: 0.48172724, w: 0.87632126}
  m_LocalPosition: {x: -0.72700316, y: 2.7765, z: -0.23640004}
  m_LocalScale: {x: -1.05, y: 1.05, z: 1.05}
  m_Children: []
  m_Father: {fileID: 4155180561020481375}
  m_RootOrder: 0
  m_LocalEulerAnglesHint: {x: 0, y: 0, z: -57.597004}
--- !u!212 &4155180561475357560
SpriteRenderer:
  m_ObjectHideFlags: 0
  m_CorrespondingSourceObject: {fileID: 0}
  m_PrefabInstance: {fileID: 0}
  m_PrefabAsset: {fileID: 0}
  m_GameObject: {fileID: 4155180561475357562}
  m_Enabled: 1
  m_CastShadows: 0
  m_ReceiveShadows: 0
  m_DynamicOccludee: 1
  m_MotionVectors: 1
  m_LightProbeUsage: 1
  m_ReflectionProbeUsage: 1
  m_RayTracingMode: 0
  m_RenderingLayerMask: 1
  m_RendererPriority: 0
  m_Materials:
  - {fileID: 2100000, guid: a97c105638bdf8b4a8650670310a4cd3, type: 2}
  m_StaticBatchInfo:
    firstSubMesh: 0
    subMeshCount: 0
  m_StaticBatchRoot: {fileID: 0}
  m_ProbeAnchor: {fileID: 0}
  m_LightProbeVolumeOverride: {fileID: 0}
  m_ScaleInLightmap: 1
  m_ReceiveGI: 1
  m_PreserveUVs: 0
  m_IgnoreNormalsForChartDetection: 0
  m_ImportantGI: 0
  m_StitchLightmapSeams: 0
  m_SelectedEditorRenderState: 0
  m_MinimumChartSize: 4
  m_AutoUVMaxDistance: 0.5
  m_AutoUVMaxAngle: 89
  m_LightmapParameters: {fileID: 0}
  m_SortingLayerID: 0
  m_SortingLayer: 0
  m_SortingOrder: 0
  m_Sprite: {fileID: 21300006, guid: b4a6f06faad82495288933894009bf30, type: 3}
  m_Color: {r: 1, g: 1, b: 1, a: 1}
  m_FlipX: 0
  m_FlipY: 0
  m_DrawMode: 0
  m_Size: {x: 1.58, y: 0.54}
  m_AdaptiveModeThreshold: 0.5
  m_SpriteTileMode: 0
  m_WasSpriteAssigned: 1
  m_MaskInteraction: 0
  m_SpriteSortPoint: 0
--- !u!1 &4155180561896718871
GameObject:
  m_ObjectHideFlags: 0
  m_CorrespondingSourceObject: {fileID: 0}
  m_PrefabInstance: {fileID: 0}
  m_PrefabAsset: {fileID: 0}
  serializedVersion: 6
  m_Component:
  - component: {fileID: 4155180561896718868}
  - component: {fileID: 4155180561896718869}
  m_Layer: 13
  m_Name: VacuumNozzel (1)
  m_TagString: Untagged
  m_Icon: {fileID: 0}
  m_NavMeshLayer: 0
  m_StaticEditorFlags: 0
  m_IsActive: 1
--- !u!4 &4155180561896718868
Transform:
  m_ObjectHideFlags: 0
  m_CorrespondingSourceObject: {fileID: 0}
  m_PrefabInstance: {fileID: 0}
  m_PrefabAsset: {fileID: 0}
  m_GameObject: {fileID: 4155180561896718871}
  m_LocalRotation: {x: -0, y: 0, z: 0.70701957, w: 0.707194}
  m_LocalPosition: {x: 0.59599966, y: 1.8105004, z: -3.5438998}
  m_LocalScale: {x: -1.0500003, y: 1.0500003, z: 1.05}
  m_Children:
  - {fileID: 4155180562834712344}
  m_Father: {fileID: 4155180561020481375}
  m_RootOrder: 1
  m_LocalEulerAnglesHint: {x: 0, y: 0, z: -90}
--- !u!212 &4155180561896718869
SpriteRenderer:
  m_ObjectHideFlags: 0
  m_CorrespondingSourceObject: {fileID: 0}
  m_PrefabInstance: {fileID: 0}
  m_PrefabAsset: {fileID: 0}
  m_GameObject: {fileID: 4155180561896718871}
  m_Enabled: 1
  m_CastShadows: 0
  m_ReceiveShadows: 0
  m_DynamicOccludee: 1
  m_MotionVectors: 1
  m_LightProbeUsage: 1
  m_ReflectionProbeUsage: 1
  m_RayTracingMode: 0
  m_RenderingLayerMask: 1
  m_RendererPriority: 0
  m_Materials:
  - {fileID: 2100000, guid: a97c105638bdf8b4a8650670310a4cd3, type: 2}
  m_StaticBatchInfo:
    firstSubMesh: 0
    subMeshCount: 0
  m_StaticBatchRoot: {fileID: 0}
  m_ProbeAnchor: {fileID: 0}
  m_LightProbeVolumeOverride: {fileID: 0}
  m_ScaleInLightmap: 1
  m_ReceiveGI: 1
  m_PreserveUVs: 0
  m_IgnoreNormalsForChartDetection: 0
  m_ImportantGI: 0
  m_StitchLightmapSeams: 0
  m_SelectedEditorRenderState: 0
  m_MinimumChartSize: 4
  m_AutoUVMaxDistance: 0.5
  m_AutoUVMaxAngle: 89
  m_LightmapParameters: {fileID: 0}
  m_SortingLayerID: 0
  m_SortingLayer: 0
  m_SortingOrder: 0
  m_Sprite: {fileID: 21300002, guid: b4a6f06faad82495288933894009bf30, type: 3}
  m_Color: {r: 1, g: 1, b: 1, a: 1}
  m_FlipX: 0
  m_FlipY: 0
  m_DrawMode: 0
  m_Size: {x: 0.87, y: 2.79}
  m_AdaptiveModeThreshold: 0.5
  m_SpriteTileMode: 0
  m_WasSpriteAssigned: 1
  m_MaskInteraction: 0
  m_SpriteSortPoint: 0
--- !u!1 &4155180562834712347
GameObject:
  m_ObjectHideFlags: 0
  m_CorrespondingSourceObject: {fileID: 0}
  m_PrefabInstance: {fileID: 0}
  m_PrefabAsset: {fileID: 0}
  serializedVersion: 6
  m_Component:
  - component: {fileID: 4155180562834712344}
  m_Layer: 13
  m_Name: FlameTransform (1)
  m_TagString: Untagged
  m_Icon: {fileID: 0}
  m_NavMeshLayer: 0
  m_StaticEditorFlags: 0
  m_IsActive: 1
--- !u!4 &4155180562834712344
Transform:
  m_ObjectHideFlags: 0
  m_CorrespondingSourceObject: {fileID: 0}
  m_PrefabInstance: {fileID: 0}
  m_PrefabAsset: {fileID: 0}
  m_GameObject: {fileID: 4155180562834712347}
  m_LocalRotation: {x: -0, y: 0, z: 0.70701957, w: 0.707194}
  m_LocalPosition: {x: 0.20929034, y: -2.8800507, z: 0}
  m_LocalScale: {x: 1, y: 1, z: 1}
  m_Children:
  - {fileID: 4155180561056096118}
  m_Father: {fileID: 4155180561896718868}
  m_RootOrder: 0
  m_LocalEulerAnglesHint: {x: 0, y: 0, z: 0}
--- !u!1001 &4383018929910023988
PrefabInstance:
  m_ObjectHideFlags: 0
  serializedVersion: 2
  m_Modification:
    m_TransformParent: {fileID: 4155180562834712344}
    m_Modifications:
    - target: {fileID: 394547421578975296, guid: 53cd76e159e8343e1a5e9ba4788e7af7,
        type: 3}
      propertyPath: ExternalForcesModule.influenceList.Array.size
      value: 1
      objectReference: {fileID: 0}
    - target: {fileID: 394547421578975296, guid: 53cd76e159e8343e1a5e9ba4788e7af7,
        type: 3}
      propertyPath: moveWithTransform
      value: 0
      objectReference: {fileID: 0}
    - target: {fileID: 394547421578975296, guid: 53cd76e159e8343e1a5e9ba4788e7af7,
        type: 3}
      propertyPath: ExternalForcesModule.enabled
      value: 0
      objectReference: {fileID: 0}
    - target: {fileID: 394547421578975296, guid: 53cd76e159e8343e1a5e9ba4788e7af7,
        type: 3}
      propertyPath: ExternalForcesModule.influenceFilter
      value: 1
      objectReference: {fileID: 0}
    - target: {fileID: 394547421578975296, guid: 53cd76e159e8343e1a5e9ba4788e7af7,
        type: 3}
      propertyPath: ExternalForcesModule.influenceList.Array.data[0]
      value: 
      objectReference: {fileID: 0}
    - target: {fileID: 394547421578975296, guid: 53cd76e159e8343e1a5e9ba4788e7af7,
        type: 3}
      propertyPath: InitialModule.startSpeed.scalar
      value: 15
      objectReference: {fileID: 0}
    - target: {fileID: 394547421578975296, guid: 53cd76e159e8343e1a5e9ba4788e7af7,
        type: 3}
      propertyPath: InitialModule.startLifetime.scalar
      value: 0.5
      objectReference: {fileID: 0}
    - target: {fileID: 394547421578975296, guid: 53cd76e159e8343e1a5e9ba4788e7af7,
        type: 3}
      propertyPath: lengthInSec
      value: 3
      objectReference: {fileID: 0}
    - target: {fileID: 394547421578975296, guid: 53cd76e159e8343e1a5e9ba4788e7af7,
        type: 3}
      propertyPath: looping
      value: 0
      objectReference: {fileID: 0}
    - target: {fileID: 394547421578975296, guid: 53cd76e159e8343e1a5e9ba4788e7af7,
        type: 3}
      propertyPath: InitialModule.startColor.maxColor.r
      value: 1
      objectReference: {fileID: 0}
    - target: {fileID: 394547421578975296, guid: 53cd76e159e8343e1a5e9ba4788e7af7,
        type: 3}
      propertyPath: InitialModule.startColor.maxColor.g
      value: 0.46672806
      objectReference: {fileID: 0}
    - target: {fileID: 394547421578975296, guid: 53cd76e159e8343e1a5e9ba4788e7af7,
        type: 3}
      propertyPath: InitialModule.startColor.maxColor.b
      value: 0
      objectReference: {fileID: 0}
    - target: {fileID: 394547421578975296, guid: 53cd76e159e8343e1a5e9ba4788e7af7,
        type: 3}
      propertyPath: InitialModule.startColor.minMaxState
      value: 2
      objectReference: {fileID: 0}
    - target: {fileID: 394547421578975296, guid: 53cd76e159e8343e1a5e9ba4788e7af7,
        type: 3}
      propertyPath: InitialModule.startColor.minColor.r
      value: 1
      objectReference: {fileID: 0}
    - target: {fileID: 394547421578975296, guid: 53cd76e159e8343e1a5e9ba4788e7af7,
        type: 3}
      propertyPath: InitialModule.startColor.minColor.g
      value: 0.8208076
      objectReference: {fileID: 0}
    - target: {fileID: 394547421578975296, guid: 53cd76e159e8343e1a5e9ba4788e7af7,
        type: 3}
      propertyPath: InitialModule.startColor.minColor.b
      value: 0
      objectReference: {fileID: 0}
    - target: {fileID: 394547421578975296, guid: 53cd76e159e8343e1a5e9ba4788e7af7,
        type: 3}
      propertyPath: UVModule.enabled
      value: 0
      objectReference: {fileID: 0}
    - target: {fileID: 394547421578975296, guid: 53cd76e159e8343e1a5e9ba4788e7af7,
        type: 3}
      propertyPath: UVModule.cycles
      value: 4
      objectReference: {fileID: 0}
    - target: {fileID: 394547421578975296, guid: 53cd76e159e8343e1a5e9ba4788e7af7,
        type: 3}
      propertyPath: UVModule.randomRow
      value: 1
      objectReference: {fileID: 0}
    - target: {fileID: 394547421578975296, guid: 53cd76e159e8343e1a5e9ba4788e7af7,
        type: 3}
      propertyPath: UVModule.animationType
      value: 1
      objectReference: {fileID: 0}
    - target: {fileID: 394547421578975296, guid: 53cd76e159e8343e1a5e9ba4788e7af7,
        type: 3}
      propertyPath: UVModule.tilesY
      value: 1
      objectReference: {fileID: 0}
    - target: {fileID: 394547421578975296, guid: 53cd76e159e8343e1a5e9ba4788e7af7,
        type: 3}
      propertyPath: UVModule.mode
      value: 0
      objectReference: {fileID: 0}
    - target: {fileID: 394547421578975296, guid: 53cd76e159e8343e1a5e9ba4788e7af7,
        type: 3}
      propertyPath: ColorModule.enabled
      value: 0
      objectReference: {fileID: 0}
    - target: {fileID: 394547421578975296, guid: 53cd76e159e8343e1a5e9ba4788e7af7,
        type: 3}
      propertyPath: LightsModule.enabled
      value: 0
      objectReference: {fileID: 0}
    - target: {fileID: 394547421578975296, guid: 53cd76e159e8343e1a5e9ba4788e7af7,
        type: 3}
      propertyPath: InitialModule.startColor.minColor.a
      value: 0.5019608
      objectReference: {fileID: 0}
    - target: {fileID: 394547421578975296, guid: 53cd76e159e8343e1a5e9ba4788e7af7,
        type: 3}
      propertyPath: InitialModule.startColor.maxColor.a
      value: 0.48235294
      objectReference: {fileID: 0}
    - target: {fileID: 394547421578975296, guid: 53cd76e159e8343e1a5e9ba4788e7af7,
        type: 3}
      propertyPath: autoRandomSeed
      value: 1
      objectReference: {fileID: 0}
    - target: {fileID: 394547421578975296, guid: 53cd76e159e8343e1a5e9ba4788e7af7,
        type: 3}
      propertyPath: useUnscaledTime
      value: 0
      objectReference: {fileID: 0}
    - target: {fileID: 394547421578975296, guid: 53cd76e159e8343e1a5e9ba4788e7af7,
        type: 3}
      propertyPath: InitialModule.gravityModifier.scalar
      value: -0.1
      objectReference: {fileID: 0}
    - target: {fileID: 394547421578975296, guid: 53cd76e159e8343e1a5e9ba4788e7af7,
        type: 3}
      propertyPath: CollisionModule.enabled
      value: 1
      objectReference: {fileID: 0}
    - target: {fileID: 394547421578975296, guid: 53cd76e159e8343e1a5e9ba4788e7af7,
        type: 3}
      propertyPath: CollisionModule.type
      value: 1
      objectReference: {fileID: 0}
    - target: {fileID: 394547421578975296, guid: 53cd76e159e8343e1a5e9ba4788e7af7,
        type: 3}
      propertyPath: CollisionModule.collidesWith.m_Bits
      value: 66304
      objectReference: {fileID: 0}
    - target: {fileID: 394547421578975296, guid: 53cd76e159e8343e1a5e9ba4788e7af7,
        type: 3}
      propertyPath: CollisionModule.collisionMode
      value: 1
      objectReference: {fileID: 0}
    - target: {fileID: 394547421578975296, guid: 53cd76e159e8343e1a5e9ba4788e7af7,
        type: 3}
      propertyPath: ShapeModule.m_TextureColorAffectsParticles
      value: 0
      objectReference: {fileID: 0}
    - target: {fileID: 394547421578975298, guid: 53cd76e159e8343e1a5e9ba4788e7af7,
        type: 3}
      propertyPath: m_LocalPosition.x
      value: 0.21000135
      objectReference: {fileID: 0}
    - target: {fileID: 394547421578975298, guid: 53cd76e159e8343e1a5e9ba4788e7af7,
        type: 3}
      propertyPath: m_LocalPosition.y
      value: -0.0100004105
      objectReference: {fileID: 0}
    - target: {fileID: 394547421578975298, guid: 53cd76e159e8343e1a5e9ba4788e7af7,
        type: 3}
      propertyPath: m_LocalPosition.z
      value: 2.1370475
      objectReference: {fileID: 0}
    - target: {fileID: 394547421578975298, guid: 53cd76e159e8343e1a5e9ba4788e7af7,
        type: 3}
      propertyPath: m_LocalRotation.x
      value: 0
      objectReference: {fileID: 0}
    - target: {fileID: 394547421578975298, guid: 53cd76e159e8343e1a5e9ba4788e7af7,
        type: 3}
      propertyPath: m_LocalRotation.y
      value: -0.7071068
      objectReference: {fileID: 0}
    - target: {fileID: 394547421578975298, guid: 53cd76e159e8343e1a5e9ba4788e7af7,
        type: 3}
      propertyPath: m_LocalRotation.z
      value: 0
      objectReference: {fileID: 0}
    - target: {fileID: 394547421578975298, guid: 53cd76e159e8343e1a5e9ba4788e7af7,
        type: 3}
      propertyPath: m_LocalRotation.w
      value: 0.7071068
      objectReference: {fileID: 0}
    - target: {fileID: 394547421578975298, guid: 53cd76e159e8343e1a5e9ba4788e7af7,
        type: 3}
      propertyPath: m_RootOrder
      value: 0
      objectReference: {fileID: 0}
    - target: {fileID: 394547421578975298, guid: 53cd76e159e8343e1a5e9ba4788e7af7,
        type: 3}
      propertyPath: m_LocalEulerAnglesHint.x
      value: 0
      objectReference: {fileID: 0}
    - target: {fileID: 394547421578975298, guid: 53cd76e159e8343e1a5e9ba4788e7af7,
        type: 3}
      propertyPath: m_LocalEulerAnglesHint.y
      value: -90
      objectReference: {fileID: 0}
    - target: {fileID: 394547421578975298, guid: 53cd76e159e8343e1a5e9ba4788e7af7,
        type: 3}
      propertyPath: m_LocalEulerAnglesHint.z
      value: 0
      objectReference: {fileID: 0}
    - target: {fileID: 394547421578975298, guid: 53cd76e159e8343e1a5e9ba4788e7af7,
        type: 3}
      propertyPath: m_LocalScale.x
      value: 1
      objectReference: {fileID: 0}
    - target: {fileID: 394547421578975298, guid: 53cd76e159e8343e1a5e9ba4788e7af7,
        type: 3}
      propertyPath: m_LocalScale.y
      value: 1
      objectReference: {fileID: 0}
    - target: {fileID: 394547421578975298, guid: 53cd76e159e8343e1a5e9ba4788e7af7,
        type: 3}
      propertyPath: m_LocalScale.z
      value: 1
      objectReference: {fileID: 0}
    - target: {fileID: 394547421578975299, guid: 53cd76e159e8343e1a5e9ba4788e7af7,
        type: 3}
      propertyPath: m_SortMode
      value: 0
      objectReference: {fileID: 0}
    - target: {fileID: 394547421578975299, guid: 53cd76e159e8343e1a5e9ba4788e7af7,
        type: 3}
      propertyPath: m_CastShadows
      value: 0
      objectReference: {fileID: 0}
    - target: {fileID: 394547421578975301, guid: 53cd76e159e8343e1a5e9ba4788e7af7,
        type: 3}
      propertyPath: m_Name
      value: FlameThrowerParticles (1)
      objectReference: {fileID: 0}
    - target: {fileID: 394547421578975301, guid: 53cd76e159e8343e1a5e9ba4788e7af7,
        type: 3}
      propertyPath: m_TagString
      value: Cloud
      objectReference: {fileID: 0}
    m_RemovedComponents: []
  m_SourcePrefab: {fileID: 100100000, guid: 53cd76e159e8343e1a5e9ba4788e7af7, type: 3}
--- !u!4 &4155180561056096118 stripped
Transform:
  m_CorrespondingSourceObject: {fileID: 394547421578975298, guid: 53cd76e159e8343e1a5e9ba4788e7af7,
    type: 3}
  m_PrefabInstance: {fileID: 4383018929910023988}
  m_PrefabAsset: {fileID: 0}
