%YAML 1.1
%TAG !u! tag:unity3d.com,2011:
--- !u!29 &1
OcclusionCullingSettings:
  m_ObjectHideFlags: 0
  serializedVersion: 2
  m_OcclusionBakeSettings:
    smallestOccluder: 5
    smallestHole: 0.25
    backfaceThreshold: 100
  m_SceneGUID: 00000000000000000000000000000000
  m_OcclusionCullingData: {fileID: 0}
--- !u!104 &2
RenderSettings:
  m_ObjectHideFlags: 0
  serializedVersion: 8
  m_Fog: 0
  m_FogColor: {r: 0.5, g: 0.5, b: 0.5, a: 1}
  m_FogMode: 3
  m_FogDensity: 0.01
  m_LinearFogStart: 0
  m_LinearFogEnd: 300
  m_AmbientSkyColor: {r: 0.212, g: 0.227, b: 0.259, a: 1}
  m_AmbientEquatorColor: {r: 0.114, g: 0.125, b: 0.133, a: 1}
  m_AmbientGroundColor: {r: 0.047, g: 0.043, b: 0.035, a: 1}
  m_AmbientIntensity: 1
  m_AmbientMode: 3
  m_SubtractiveShadowColor: {r: 0.42, g: 0.478, b: 0.627, a: 1}
  m_SkyboxMaterial: {fileID: 0}
  m_HaloStrength: 0.5
  m_FlareStrength: 1
  m_FlareFadeSpeed: 3
  m_HaloTexture: {fileID: 0}
  m_SpotCookie: {fileID: 10001, guid: 0000000000000000e000000000000000, type: 0}
  m_DefaultReflectionMode: 0
  m_DefaultReflectionResolution: 128
  m_ReflectionBounces: 1
  m_ReflectionIntensity: 1
  m_CustomReflection: {fileID: 0}
  m_Sun: {fileID: 0}
  m_IndirectSpecularColor: {r: 0, g: 0, b: 0, a: 1}
--- !u!157 &3
LightmapSettings:
  m_ObjectHideFlags: 0
  serializedVersion: 11
  m_GIWorkflowMode: 1
  m_GISettings:
    serializedVersion: 2
    m_BounceScale: 1
    m_IndirectOutputScale: 1
    m_AlbedoBoost: 1
    m_TemporalCoherenceThreshold: 1
    m_EnvironmentLightingMode: 0
    m_EnableBakedLightmaps: 0
    m_EnableRealtimeLightmaps: 0
  m_LightmapEditorSettings:
    serializedVersion: 9
    m_Resolution: 2
    m_BakeResolution: 40
    m_TextureWidth: 1024
    m_TextureHeight: 1024
    m_AO: 0
    m_AOMaxDistance: 1
    m_CompAOExponent: 1
    m_CompAOExponentDirect: 0
    m_Padding: 2
    m_LightmapParameters: {fileID: 0}
    m_LightmapsBakeMode: 1
    m_TextureCompression: 1
    m_FinalGather: 0
    m_FinalGatherFiltering: 1
    m_FinalGatherRayCount: 256
    m_ReflectionCompression: 2
    m_MixedBakeMode: 2
    m_BakeBackend: 0
    m_PVRSampling: 1
    m_PVRDirectSampleCount: 32
    m_PVRSampleCount: 500
    m_PVRBounces: 2
    m_PVRFilterTypeDirect: 0
    m_PVRFilterTypeIndirect: 0
    m_PVRFilterTypeAO: 0
    m_PVRFilteringMode: 1
    m_PVRCulling: 1
    m_PVRFilteringGaussRadiusDirect: 1
    m_PVRFilteringGaussRadiusIndirect: 5
    m_PVRFilteringGaussRadiusAO: 2
    m_PVRFilteringAtrousPositionSigmaDirect: 0.5
    m_PVRFilteringAtrousPositionSigmaIndirect: 2
    m_PVRFilteringAtrousPositionSigmaAO: 1
    m_ShowResolutionOverlay: 1
  m_LightingDataAsset: {fileID: 0}
  m_UseShadowmask: 1
--- !u!196 &4
NavMeshSettings:
  serializedVersion: 2
  m_ObjectHideFlags: 0
  m_BuildSettings:
    serializedVersion: 2
    agentTypeID: 0
    agentRadius: 0.5
    agentHeight: 2
    agentSlope: 45
    agentClimb: 0.4
    ledgeDropHeight: 0
    maxJumpAcrossDistance: 0
    minRegionArea: 2
    manualCellSize: 0
    cellSize: 0.16666667
    manualTileSize: 0
    tileSize: 256
    accuratePlacement: 0
    debug:
      m_Flags: 0
  m_NavMeshData: {fileID: 0}
--- !u!1001 &38516768
Prefab:
  m_ObjectHideFlags: 0
  serializedVersion: 2
  m_Modification:
    m_TransformParent: {fileID: 0}
    m_Modifications:
    - target: {fileID: 400002, guid: ace2d4bf56f98df4196ff81845a465d7, type: 2}
      propertyPath: m_LocalPosition.x
      value: -91.3
      objectReference: {fileID: 0}
    - target: {fileID: 400002, guid: ace2d4bf56f98df4196ff81845a465d7, type: 2}
      propertyPath: m_LocalPosition.y
      value: 21.9
      objectReference: {fileID: 0}
    - target: {fileID: 400002, guid: ace2d4bf56f98df4196ff81845a465d7, type: 2}
      propertyPath: m_LocalPosition.z
      value: 0
      objectReference: {fileID: 0}
    - target: {fileID: 400002, guid: ace2d4bf56f98df4196ff81845a465d7, type: 2}
      propertyPath: m_LocalRotation.x
      value: 0
      objectReference: {fileID: 0}
    - target: {fileID: 400002, guid: ace2d4bf56f98df4196ff81845a465d7, type: 2}
      propertyPath: m_LocalRotation.y
      value: 0
      objectReference: {fileID: 0}
    - target: {fileID: 400002, guid: ace2d4bf56f98df4196ff81845a465d7, type: 2}
      propertyPath: m_LocalRotation.z
      value: 0
      objectReference: {fileID: 0}
    - target: {fileID: 400002, guid: ace2d4bf56f98df4196ff81845a465d7, type: 2}
      propertyPath: m_LocalRotation.w
      value: 1
      objectReference: {fileID: 0}
    - target: {fileID: 400002, guid: ace2d4bf56f98df4196ff81845a465d7, type: 2}
      propertyPath: m_RootOrder
      value: 3
      objectReference: {fileID: 0}
    - target: {fileID: 22422850, guid: ace2d4bf56f98df4196ff81845a465d7, type: 2}
      propertyPath: m_AnchoredPosition.x
      value: 1.9897923
      objectReference: {fileID: 0}
    - target: {fileID: 22400000, guid: ace2d4bf56f98df4196ff81845a465d7, type: 2}
      propertyPath: m_LocalPosition.z
      value: 0
      objectReference: {fileID: 0}
    - target: {fileID: 22400000, guid: ace2d4bf56f98df4196ff81845a465d7, type: 2}
      propertyPath: m_LocalScale.x
      value: 0
      objectReference: {fileID: 0}
    - target: {fileID: 22400000, guid: ace2d4bf56f98df4196ff81845a465d7, type: 2}
      propertyPath: m_LocalScale.y
      value: 0
      objectReference: {fileID: 0}
    - target: {fileID: 22400000, guid: ace2d4bf56f98df4196ff81845a465d7, type: 2}
      propertyPath: m_LocalScale.z
      value: 0
      objectReference: {fileID: 0}
    m_RemovedComponents: []
  m_ParentPrefab: {fileID: 100100000, guid: ace2d4bf56f98df4196ff81845a465d7, type: 2}
  m_IsPrefabParent: 0
--- !u!1 &67362786
GameObject:
  m_ObjectHideFlags: 0
  m_PrefabParentObject: {fileID: 0}
  m_PrefabInternal: {fileID: 0}
  serializedVersion: 5
  m_Component:
  - component: {fileID: 67362788}
  - component: {fileID: 67362787}
  m_Layer: 0
  m_Name: CM vcam1
  m_TagString: Untagged
  m_Icon: {fileID: 0}
  m_NavMeshLayer: 0
  m_StaticEditorFlags: 0
  m_IsActive: 1
--- !u!114 &67362787
MonoBehaviour:
  m_ObjectHideFlags: 0
  m_PrefabParentObject: {fileID: 0}
  m_PrefabInternal: {fileID: 0}
  m_GameObject: {fileID: 67362786}
  m_Enabled: 1
  m_EditorHideFlags: 0
  m_Script: {fileID: 11500000, guid: 45e653bab7fb20e499bda25e1b646fea, type: 3}
  m_Name: 
  m_EditorClassIdentifier: 
  m_ExcludedPropertiesInInspector:
  - m_Script
  m_LockStageInInspector: 
  m_StreamingVersion: 20170927
  m_Priority: 10
  m_LookAt: {fileID: 0}
  m_Follow: {fileID: 1893897561}
  m_Lens:
    FieldOfView: 101
    OrthographicSize: 10
    NearClipPlane: 0.1
    FarClipPlane: 5000
    Dutch: 0
  m_ComponentOwner: {fileID: 936130326}
--- !u!4 &67362788
Transform:
  m_ObjectHideFlags: 0
  m_PrefabParentObject: {fileID: 0}
  m_PrefabInternal: {fileID: 0}
  m_GameObject: {fileID: 67362786}
  m_LocalRotation: {x: 0, y: 0, z: 0, w: 1}
  m_LocalPosition: {x: 13.43, y: 19.59, z: -10}
  m_LocalScale: {x: 1, y: 1, z: 1}
  m_Children:
  - {fileID: 936130326}
  m_Father: {fileID: 0}
  m_RootOrder: 5
  m_LocalEulerAnglesHint: {x: 0, y: 0, z: 0}
--- !u!1001 &126328130
Prefab:
  m_ObjectHideFlags: 0
  serializedVersion: 2
  m_Modification:
    m_TransformParent: {fileID: 0}
    m_Modifications:
    - target: {fileID: 4150031183088558, guid: dbe47e1c638b64144ae0facd07a31061, type: 2}
      propertyPath: m_LocalPosition.x
      value: 15.522444
      objectReference: {fileID: 0}
    - target: {fileID: 4150031183088558, guid: dbe47e1c638b64144ae0facd07a31061, type: 2}
      propertyPath: m_LocalPosition.y
      value: -0.5138595
      objectReference: {fileID: 0}
    - target: {fileID: 4150031183088558, guid: dbe47e1c638b64144ae0facd07a31061, type: 2}
      propertyPath: m_LocalPosition.z
      value: 0
      objectReference: {fileID: 0}
    - target: {fileID: 4150031183088558, guid: dbe47e1c638b64144ae0facd07a31061, type: 2}
      propertyPath: m_LocalRotation.x
      value: 0
      objectReference: {fileID: 0}
    - target: {fileID: 4150031183088558, guid: dbe47e1c638b64144ae0facd07a31061, type: 2}
      propertyPath: m_LocalRotation.y
      value: 0
      objectReference: {fileID: 0}
    - target: {fileID: 4150031183088558, guid: dbe47e1c638b64144ae0facd07a31061, type: 2}
      propertyPath: m_LocalRotation.z
      value: 0
      objectReference: {fileID: 0}
    - target: {fileID: 4150031183088558, guid: dbe47e1c638b64144ae0facd07a31061, type: 2}
      propertyPath: m_LocalRotation.w
      value: 1
      objectReference: {fileID: 0}
    - target: {fileID: 4150031183088558, guid: dbe47e1c638b64144ae0facd07a31061, type: 2}
      propertyPath: m_RootOrder
      value: 4
      objectReference: {fileID: 0}
    m_RemovedComponents: []
  m_ParentPrefab: {fileID: 100100000, guid: dbe47e1c638b64144ae0facd07a31061, type: 2}
  m_IsPrefabParent: 0
--- !u!1001 &353074371
Prefab:
  m_ObjectHideFlags: 0
  serializedVersion: 2
  m_Modification:
    m_TransformParent: {fileID: 0}
    m_Modifications:
    - target: {fileID: 4707416102830284, guid: 071100c2138b747bda194b7ed750f18e, type: 2}
      propertyPath: m_LocalPosition.x
      value: 12.27
      objectReference: {fileID: 0}
    - target: {fileID: 4707416102830284, guid: 071100c2138b747bda194b7ed750f18e, type: 2}
      propertyPath: m_LocalPosition.y
      value: 23.29
      objectReference: {fileID: 0}
    - target: {fileID: 4707416102830284, guid: 071100c2138b747bda194b7ed750f18e, type: 2}
      propertyPath: m_LocalPosition.z
      value: 0
      objectReference: {fileID: 0}
    - target: {fileID: 4707416102830284, guid: 071100c2138b747bda194b7ed750f18e, type: 2}
      propertyPath: m_LocalRotation.x
      value: 0
      objectReference: {fileID: 0}
    - target: {fileID: 4707416102830284, guid: 071100c2138b747bda194b7ed750f18e, type: 2}
      propertyPath: m_LocalRotation.y
      value: 0
      objectReference: {fileID: 0}
    - target: {fileID: 4707416102830284, guid: 071100c2138b747bda194b7ed750f18e, type: 2}
      propertyPath: m_LocalRotation.z
      value: 0.000008726646
      objectReference: {fileID: 0}
    - target: {fileID: 4707416102830284, guid: 071100c2138b747bda194b7ed750f18e, type: 2}
      propertyPath: m_LocalRotation.w
      value: 1
      objectReference: {fileID: 0}
    - target: {fileID: 4707416102830284, guid: 071100c2138b747bda194b7ed750f18e, type: 2}
      propertyPath: m_RootOrder
      value: 1
      objectReference: {fileID: 0}
    m_RemovedComponents: []
  m_ParentPrefab: {fileID: 100100000, guid: 071100c2138b747bda194b7ed750f18e, type: 2}
  m_IsPrefabParent: 0
--- !u!1001 &355621266
Prefab:
  m_ObjectHideFlags: 0
  serializedVersion: 2
  m_Modification:
    m_TransformParent: {fileID: 1239542276}
    m_Modifications:
    - target: {fileID: 400722, guid: a65b131e200417144a674af533564ae4, type: 2}
      propertyPath: m_LocalPosition.x
      value: 104.5
      objectReference: {fileID: 0}
    - target: {fileID: 400722, guid: a65b131e200417144a674af533564ae4, type: 2}
      propertyPath: m_LocalPosition.y
      value: 22.2
      objectReference: {fileID: 0}
    - target: {fileID: 400722, guid: a65b131e200417144a674af533564ae4, type: 2}
      propertyPath: m_LocalPosition.z
      value: 0.029599722
      objectReference: {fileID: 0}
    - target: {fileID: 400722, guid: a65b131e200417144a674af533564ae4, type: 2}
      propertyPath: m_LocalRotation.x
      value: -0
      objectReference: {fileID: 0}
    - target: {fileID: 400722, guid: a65b131e200417144a674af533564ae4, type: 2}
      propertyPath: m_LocalRotation.y
      value: -0
      objectReference: {fileID: 0}
    - target: {fileID: 400722, guid: a65b131e200417144a674af533564ae4, type: 2}
      propertyPath: m_LocalRotation.z
      value: -0
      objectReference: {fileID: 0}
    - target: {fileID: 400722, guid: a65b131e200417144a674af533564ae4, type: 2}
      propertyPath: m_LocalRotation.w
      value: 1
      objectReference: {fileID: 0}
    - target: {fileID: 400722, guid: a65b131e200417144a674af533564ae4, type: 2}
      propertyPath: m_RootOrder
      value: 3
      objectReference: {fileID: 0}
    m_RemovedComponents: []
  m_ParentPrefab: {fileID: 100100000, guid: a65b131e200417144a674af533564ae4, type: 2}
  m_IsPrefabParent: 0
--- !u!114 &414596189 stripped
MonoBehaviour:
  m_PrefabParentObject: {fileID: 114910019878588262, guid: 6db0479e3627d48ac9f2d65812fc05dc,
    type: 2}
  m_PrefabInternal: {fileID: 1950825484}
  m_Script: {fileID: 11500000, guid: 57e9cb5adad634ac6a13a1802e060197, type: 3}
--- !u!1 &437213499
GameObject:
  m_ObjectHideFlags: 0
  m_PrefabParentObject: {fileID: 0}
  m_PrefabInternal: {fileID: 0}
  serializedVersion: 5
  m_Component:
  - component: {fileID: 437213503}
  - component: {fileID: 437213502}
  - component: {fileID: 437213501}
  - component: {fileID: 437213500}
  - component: {fileID: 437213504}
  m_Layer: 0
  m_Name: Main Camera
  m_TagString: MainCamera
  m_Icon: {fileID: 0}
  m_NavMeshLayer: 0
  m_StaticEditorFlags: 0
  m_IsActive: 1
--- !u!81 &437213500
AudioListener:
  m_ObjectHideFlags: 0
  m_PrefabParentObject: {fileID: 0}
  m_PrefabInternal: {fileID: 0}
  m_GameObject: {fileID: 437213499}
  m_Enabled: 1
--- !u!124 &437213501
Behaviour:
  m_ObjectHideFlags: 0
  m_PrefabParentObject: {fileID: 0}
  m_PrefabInternal: {fileID: 0}
  m_GameObject: {fileID: 437213499}
  m_Enabled: 1
--- !u!20 &437213502
Camera:
  m_ObjectHideFlags: 0
  m_PrefabParentObject: {fileID: 0}
  m_PrefabInternal: {fileID: 0}
  m_GameObject: {fileID: 437213499}
  m_Enabled: 1
  serializedVersion: 2
  m_ClearFlags: 1
  m_BackGroundColor: {r: 0.6397059, g: 0.46453288, b: 0.38570502, a: 0}
  m_NormalizedViewPortRect:
    serializedVersion: 2
    x: 0
    y: 0
    width: 1
    height: 1
  near clip plane: 0.1
  far clip plane: 5000
  field of view: 101
  orthographic: 0
  orthographic size: 10
  m_Depth: -1
  m_CullingMask:
    serializedVersion: 2
    m_Bits: 4294967295
  m_RenderingPath: -1
  m_TargetTexture: {fileID: 0}
  m_TargetDisplay: 0
  m_TargetEye: 3
  m_HDR: 1
  m_AllowMSAA: 1
  m_AllowDynamicResolution: 0
  m_ForceIntoRT: 0
  m_OcclusionCulling: 1
  m_StereoConvergence: 10
  m_StereoSeparation: 0.022
--- !u!4 &437213503
Transform:
  m_ObjectHideFlags: 0
  m_PrefabParentObject: {fileID: 0}
  m_PrefabInternal: {fileID: 0}
  m_GameObject: {fileID: 437213499}
  m_LocalRotation: {x: 0, y: 0, z: 0, w: 1}
  m_LocalPosition: {x: 13.43, y: 19.59, z: -10}
  m_LocalScale: {x: 1, y: 1, z: 1}
  m_Children: []
  m_Father: {fileID: 0}
  m_RootOrder: 0
  m_LocalEulerAnglesHint: {x: 0, y: 0, z: 0}
--- !u!114 &437213504
MonoBehaviour:
  m_ObjectHideFlags: 0
  m_PrefabParentObject: {fileID: 0}
  m_PrefabInternal: {fileID: 0}
  m_GameObject: {fileID: 437213499}
  m_Enabled: 1
  m_EditorHideFlags: 0
  m_Script: {fileID: 11500000, guid: 72ece51f2901e7445ab60da3685d6b5f, type: 3}
  m_Name: 
  m_EditorClassIdentifier: 
  m_ShowDebugText: 0
  m_ShowCameraFrustum: 1
  m_IgnoreTimeScale: 0
  m_WorldUpOverride: {fileID: 0}
  m_UpdateMethod: 2
  m_DefaultBlend:
    m_Style: 1
    m_Time: 2
  m_CustomBlends: {fileID: 0}
  m_CameraCutEvent:
    m_PersistentCalls:
      m_Calls: []
    m_TypeName: Cinemachine.CinemachineBrain+BrainEvent, Assembly-CSharp, Version=0.0.0.0,
      Culture=neutral, PublicKeyToken=null
  m_CameraActivatedEvent:
    m_PersistentCalls:
      m_Calls: []
    m_TypeName: Cinemachine.CinemachineBrain+VcamEvent, Assembly-CSharp, Version=0.0.0.0,
      Culture=neutral, PublicKeyToken=null
--- !u!1001 &641199758
Prefab:
  m_ObjectHideFlags: 0
  serializedVersion: 2
  m_Modification:
    m_TransformParent: {fileID: 0}
    m_Modifications:
    - target: {fileID: 4722934984614304, guid: 60fe054848f3c4e89b1fda62a2e48587, type: 2}
      propertyPath: m_LocalPosition.x
      value: 18.6
      objectReference: {fileID: 0}
    - target: {fileID: 4722934984614304, guid: 60fe054848f3c4e89b1fda62a2e48587, type: 2}
      propertyPath: m_LocalPosition.y
      value: 9.48
      objectReference: {fileID: 0}
    - target: {fileID: 4722934984614304, guid: 60fe054848f3c4e89b1fda62a2e48587, type: 2}
      propertyPath: m_LocalPosition.z
      value: 0
      objectReference: {fileID: 0}
    - target: {fileID: 4722934984614304, guid: 60fe054848f3c4e89b1fda62a2e48587, type: 2}
      propertyPath: m_LocalRotation.x
      value: -0.7071068
      objectReference: {fileID: 0}
    - target: {fileID: 4722934984614304, guid: 60fe054848f3c4e89b1fda62a2e48587, type: 2}
      propertyPath: m_LocalRotation.y
      value: 0
      objectReference: {fileID: 0}
    - target: {fileID: 4722934984614304, guid: 60fe054848f3c4e89b1fda62a2e48587, type: 2}
      propertyPath: m_LocalRotation.z
      value: 0
      objectReference: {fileID: 0}
    - target: {fileID: 4722934984614304, guid: 60fe054848f3c4e89b1fda62a2e48587, type: 2}
      propertyPath: m_LocalRotation.w
      value: 0.7071068
      objectReference: {fileID: 0}
    - target: {fileID: 4722934984614304, guid: 60fe054848f3c4e89b1fda62a2e48587, type: 2}
      propertyPath: m_RootOrder
      value: 10
      objectReference: {fileID: 0}
    m_RemovedComponents: []
  m_ParentPrefab: {fileID: 100100000, guid: 60fe054848f3c4e89b1fda62a2e48587, type: 2}
  m_IsPrefabParent: 0
--- !u!4 &818420332 stripped
Transform:
  m_PrefabParentObject: {fileID: 400722, guid: a65b131e200417144a674af533564ae4, type: 2}
  m_PrefabInternal: {fileID: 1081828421}
--- !u!1 &888541319
GameObject:
  m_ObjectHideFlags: 0
  m_PrefabParentObject: {fileID: 0}
  m_PrefabInternal: {fileID: 0}
  serializedVersion: 5
  m_Component:
  - component: {fileID: 888541325}
  - component: {fileID: 888541324}
  - component: {fileID: 888541323}
  - component: {fileID: 888541322}
  - component: {fileID: 888541321}
  - component: {fileID: 888541320}
  - component: {fileID: 888541327}
  - component: {fileID: 888541326}
  m_Layer: 0
  m_Name: Gamemanagers
  m_TagString: Untagged
  m_Icon: {fileID: 0}
  m_NavMeshLayer: 0
  m_StaticEditorFlags: 0
  m_IsActive: 1
--- !u!114 &888541320
MonoBehaviour:
  m_ObjectHideFlags: 0
  m_PrefabParentObject: {fileID: 0}
  m_PrefabInternal: {fileID: 0}
  m_GameObject: {fileID: 888541319}
  m_Enabled: 1
  m_EditorHideFlags: 0
  m_Script: {fileID: 11500000, guid: 6b0bab60638ea6b479c67ccb89ea5a80, type: 3}
  m_Name: 
  m_EditorClassIdentifier: 
  Settings:
    MusicOn: 1
    SfxOn: 1
  MusicVolume: 0.3
  SfxVolume: 1
--- !u!114 &888541321
MonoBehaviour:
  m_ObjectHideFlags: 0
  m_PrefabParentObject: {fileID: 0}
  m_PrefabInternal: {fileID: 0}
  m_GameObject: {fileID: 888541319}
  m_Enabled: 1
  m_EditorHideFlags: 0
  m_Script: {fileID: 11500000, guid: 87418644c0f29bf43b19453d3639eb4d, type: 3}
  m_Name: 
  m_EditorClassIdentifier: 
  TargetFrameRate: 300
  MaximumLives: 0
  CurrentLives: 0
  GameOverScene: 
--- !u!23 &888541322
MeshRenderer:
  m_ObjectHideFlags: 0
  m_PrefabParentObject: {fileID: 0}
  m_PrefabInternal: {fileID: 0}
  m_GameObject: {fileID: 888541319}
  m_Enabled: 0
  m_CastShadows: 1
  m_ReceiveShadows: 1
  m_DynamicOccludee: 1
  m_MotionVectors: 1
  m_LightProbeUsage: 1
  m_ReflectionProbeUsage: 1
  m_Materials:
  - {fileID: 10303, guid: 0000000000000000f000000000000000, type: 0}
  m_StaticBatchInfo:
    firstSubMesh: 0
    subMeshCount: 0
  m_StaticBatchRoot: {fileID: 0}
  m_ProbeAnchor: {fileID: 0}
  m_LightProbeVolumeOverride: {fileID: 0}
  m_ScaleInLightmap: 1
  m_PreserveUVs: 1
  m_IgnoreNormalsForChartDetection: 0
  m_ImportantGI: 0
  m_StitchLightmapSeams: 0
  m_SelectedEditorRenderState: 3
  m_MinimumChartSize: 4
  m_AutoUVMaxDistance: 0.5
  m_AutoUVMaxAngle: 89
  m_LightmapParameters: {fileID: 0}
  m_SortingLayerID: 0
  m_SortingLayer: 0
  m_SortingOrder: 0
--- !u!65 &888541323
BoxCollider:
  m_ObjectHideFlags: 0
  m_PrefabParentObject: {fileID: 0}
  m_PrefabInternal: {fileID: 0}
  m_GameObject: {fileID: 888541319}
  m_Material: {fileID: 0}
  m_IsTrigger: 0
  m_Enabled: 1
  serializedVersion: 2
  m_Size: {x: 1, y: 1, z: 1}
  m_Center: {x: 0, y: 0, z: 0}
--- !u!33 &888541324
MeshFilter:
  m_ObjectHideFlags: 0
  m_PrefabParentObject: {fileID: 0}
  m_PrefabInternal: {fileID: 0}
  m_GameObject: {fileID: 888541319}
  m_Mesh: {fileID: 10202, guid: 0000000000000000e000000000000000, type: 0}
--- !u!4 &888541325
Transform:
  m_ObjectHideFlags: 0
  m_PrefabParentObject: {fileID: 0}
  m_PrefabInternal: {fileID: 0}
  m_GameObject: {fileID: 888541319}
  m_LocalRotation: {x: 0, y: 0, z: 0, w: 1}
  m_LocalPosition: {x: -69.13344, y: -3.7219107, z: -0.029599722}
  m_LocalScale: {x: 1, y: 1, z: 1}
  m_Children: []
  m_Father: {fileID: 0}
  m_RootOrder: 2
  m_LocalEulerAnglesHint: {x: 0, y: 0, z: 0}
--- !u!114 &888541326
MonoBehaviour:
  m_ObjectHideFlags: 0
  m_PrefabParentObject: {fileID: 0}
  m_PrefabInternal: {fileID: 0}
  m_GameObject: {fileID: 888541319}
  m_Enabled: 1
  m_EditorHideFlags: 0
  m_Script: {fileID: 11500000, guid: ece2a9d21d1914bafae6c35c44226147, type: 3}
  m_Name: 
  m_EditorClassIdentifier: 
  baseMaxGasLevel: 100
  startingGasLevel: 100
  baseRegenRate: 1
  regenDelay: 5
  fuelAdded: {fileID: 0}
  fuelRemoved: {fileID: 0}
  fuelFull: {fileID: 0}
  currentGasLevel: 0
--- !u!114 &888541327
MonoBehaviour:
  m_ObjectHideFlags: 0
  m_PrefabParentObject: {fileID: 0}
  m_PrefabInternal: {fileID: 0}
  m_GameObject: {fileID: 888541319}
  m_Enabled: 1
  m_EditorHideFlags: 0
  m_Script: {fileID: 11500000, guid: 8b470d1b161b2454590386135b7fd64f, type: 3}
  m_Name: 
  m_EditorClassIdentifier: 
  CharacterType: 1
  PlayerID: 
  InitialFacingDirection: 1
  DirectionOnSpawn: 0
  CharacterAnimator: {fileID: 0}
  UseDefaultMecanim: 1
  CharacterModel: {fileID: 0}
  FlipOnDirectionChange: 1
  FlipValue: {x: -1, y: 1, z: 1}
  SendStateChangeEvents: 1
  SendStateUpdateEvents: 1
--- !u!1 &928998867
GameObject:
  m_ObjectHideFlags: 0
  m_PrefabParentObject: {fileID: 0}
  m_PrefabInternal: {fileID: 0}
  serializedVersion: 5
  m_Component:
  - component: {fileID: 928998869}
  - component: {fileID: 928998868}
  m_Layer: 0
  m_Name: Directional light
  m_TagString: Untagged
  m_Icon: {fileID: 0}
  m_NavMeshLayer: 0
  m_StaticEditorFlags: 0
  m_IsActive: 1
--- !u!108 &928998868
Light:
  m_ObjectHideFlags: 0
  m_PrefabParentObject: {fileID: 0}
  m_PrefabInternal: {fileID: 0}
  m_GameObject: {fileID: 928998867}
  m_Enabled: 1
  serializedVersion: 8
  m_Type: 1
  m_Color: {r: 1, g: 1, b: 1, a: 1}
  m_Intensity: 1
  m_Range: 10
  m_SpotAngle: 30
  m_CookieSize: 10
  m_Shadows:
    m_Type: 0
    m_Resolution: -1
    m_CustomResolution: -1
    m_Strength: 1
    m_Bias: 0.05
    m_NormalBias: 0.4
    m_NearPlane: 0.2
  m_Cookie: {fileID: 0}
  m_DrawHalo: 0
  m_Flare: {fileID: 0}
  m_RenderMode: 0
  m_CullingMask:
    serializedVersion: 2
    m_Bits: 4294967295
  m_Lightmapping: 4
  m_AreaSize: {x: 1, y: 1}
  m_BounceIntensity: 1
  m_ColorTemperature: 6570
  m_UseColorTemperature: 0
  m_ShadowRadius: 0
  m_ShadowAngle: 0
--- !u!4 &928998869
Transform:
  m_ObjectHideFlags: 0
  m_PrefabParentObject: {fileID: 0}
  m_PrefabInternal: {fileID: 0}
  m_GameObject: {fileID: 928998867}
  m_LocalRotation: {x: 0.41484126, y: 0.36806974, z: 0.17322728, w: 0.8138942}
  m_LocalPosition: {x: 69.32344, y: 6.2519107, z: -1.0204003}
  m_LocalScale: {x: 1, y: 1, z: 1}
  m_Children: []
  m_Father: {fileID: 1239542276}
  m_RootOrder: 4
  m_LocalEulerAnglesHint: {x: 33.213, y: 62.612003, z: 44.591003}
--- !u!1 &936130325
GameObject:
  m_ObjectHideFlags: 3
  m_PrefabParentObject: {fileID: 0}
  m_PrefabInternal: {fileID: 0}
  serializedVersion: 5
  m_Component:
  - component: {fileID: 936130326}
  - component: {fileID: 936130328}
  - component: {fileID: 936130327}
  m_Layer: 0
  m_Name: cm
  m_TagString: Untagged
  m_Icon: {fileID: 0}
  m_NavMeshLayer: 0
  m_StaticEditorFlags: 0
  m_IsActive: 1
--- !u!4 &936130326
Transform:
  m_ObjectHideFlags: 3
  m_PrefabParentObject: {fileID: 0}
  m_PrefabInternal: {fileID: 0}
  m_GameObject: {fileID: 936130325}
  m_LocalRotation: {x: -0, y: -0, z: -0, w: 1}
  m_LocalPosition: {x: 0, y: 0, z: 0}
  m_LocalScale: {x: 1, y: 1, z: 1}
  m_Children: []
  m_Father: {fileID: 67362788}
  m_RootOrder: 0
  m_LocalEulerAnglesHint: {x: 0, y: 0, z: 0}
--- !u!114 &936130327
MonoBehaviour:
  m_ObjectHideFlags: 3
  m_PrefabParentObject: {fileID: 0}
  m_PrefabInternal: {fileID: 0}
  m_GameObject: {fileID: 936130325}
  m_Enabled: 1
  m_EditorHideFlags: 0
  m_Script: {fileID: 11500000, guid: 6ad980451443d70438faac0bc6c235a0, type: 3}
  m_Name: 
  m_EditorClassIdentifier: 
  m_LookaheadTime: 0
  m_LookaheadSmoothing: 10
  m_XDamping: 1
  m_YDamping: 1
  m_ZDamping: 1
  m_ScreenX: 0.5
  m_ScreenY: 0.5
  m_CameraDistance: 10
  m_DeadZoneWidth: 0.1
  m_DeadZoneHeight: 0.1
  m_DeadZoneDepth: 0
  m_UnlimitedSoftZone: 0
  m_SoftZoneWidth: 0.8
  m_SoftZoneHeight: 0.8
  m_BiasX: 0
  m_BiasY: 0
  m_GroupFramingMode: 2
  m_AdjustmentMode: 2
  m_GroupFramingSize: 0.8
  m_MaxDollyIn: 5000
  m_MaxDollyOut: 5000
  m_MinimumDistance: 1
  m_MaximumDistance: 5000
  m_MinimumFOV: 3
  m_MaximumFOV: 60
  m_MinimumOrthoSize: 1
  m_MaximumOrthoSize: 100
--- !u!114 &936130328
MonoBehaviour:
  m_ObjectHideFlags: 3
  m_PrefabParentObject: {fileID: 0}
  m_PrefabInternal: {fileID: 0}
  m_GameObject: {fileID: 936130325}
  m_Enabled: 1
  m_EditorHideFlags: 0
  m_Script: {fileID: 11500000, guid: ac0b09e7857660247b1477e93731de29, type: 3}
  m_Name: 
  m_EditorClassIdentifier: 
--- !u!4 &1016084285 stripped
Transform:
  m_PrefabParentObject: {fileID: 400722, guid: a65b131e200417144a674af533564ae4, type: 2}
  m_PrefabInternal: {fileID: 355621266}
--- !u!1001 &1081828421
Prefab:
  m_ObjectHideFlags: 0
  serializedVersion: 2
  m_Modification:
    m_TransformParent: {fileID: 1239542276}
    m_Modifications:
    - target: {fileID: 400722, guid: a65b131e200417144a674af533564ae4, type: 2}
      propertyPath: m_LocalPosition.x
      value: 78.7
      objectReference: {fileID: 0}
    - target: {fileID: 400722, guid: a65b131e200417144a674af533564ae4, type: 2}
      propertyPath: m_LocalPosition.y
      value: 22.6
      objectReference: {fileID: 0}
    - target: {fileID: 400722, guid: a65b131e200417144a674af533564ae4, type: 2}
      propertyPath: m_LocalPosition.z
      value: 0.029599722
      objectReference: {fileID: 0}
    - target: {fileID: 400722, guid: a65b131e200417144a674af533564ae4, type: 2}
      propertyPath: m_LocalRotation.x
      value: -0
      objectReference: {fileID: 0}
    - target: {fileID: 400722, guid: a65b131e200417144a674af533564ae4, type: 2}
      propertyPath: m_LocalRotation.y
      value: -0
      objectReference: {fileID: 0}
    - target: {fileID: 400722, guid: a65b131e200417144a674af533564ae4, type: 2}
      propertyPath: m_LocalRotation.z
      value: -0
      objectReference: {fileID: 0}
    - target: {fileID: 400722, guid: a65b131e200417144a674af533564ae4, type: 2}
      propertyPath: m_LocalRotation.w
      value: 1
      objectReference: {fileID: 0}
    - target: {fileID: 400722, guid: a65b131e200417144a674af533564ae4, type: 2}
      propertyPath: m_RootOrder
      value: 2
      objectReference: {fileID: 0}
    - target: {fileID: 162220, guid: a65b131e200417144a674af533564ae4, type: 2}
      propertyPath: m_Name
      value: PushableBlock (1)
      objectReference: {fileID: 0}
    m_RemovedComponents: []
  m_ParentPrefab: {fileID: 100100000, guid: a65b131e200417144a674af533564ae4, type: 2}
  m_IsPrefabParent: 0
--- !u!1 &1157096693 stripped
GameObject:
  m_PrefabParentObject: {fileID: 100000, guid: 11be55862a4122b47b68bb90b41b9e8f, type: 2}
  m_PrefabInternal: {fileID: 1862188022}
--- !u!114 &1157096695
MonoBehaviour:
  m_ObjectHideFlags: 0
  m_PrefabParentObject: {fileID: 0}
  m_PrefabInternal: {fileID: 0}
  m_GameObject: {fileID: 1157096693}
  m_Enabled: 0
  m_EditorHideFlags: 0
  m_Script: {fileID: 11500000, guid: 29a28f954c2e446258260ab762ce91ab, type: 3}
  m_Name: 
  m_EditorClassIdentifier: 
  ShootDistance: 5
  RaycastOriginOffset: {x: 0, y: 0}
  TargetLayerMask:
    serializedVersion: 2
    m_Bits: 768
--- !u!114 &1157096709
MonoBehaviour:
  m_ObjectHideFlags: 0
  m_PrefabParentObject: {fileID: 0}
  m_PrefabInternal: {fileID: 0}
  m_GameObject: {fileID: 1157096693}
  m_Enabled: 1
  m_EditorHideFlags: 0
  m_Script: {fileID: 11500000, guid: 126d724e6b3cd42cd946ffb872125944, type: 3}
  m_Name: 
  m_EditorClassIdentifier: 
  serializationData:
    SerializedFormat: 2
    SerializedBytes: 
    ReferencedUnityObjects:
    - {fileID: 8300000, guid: ac76055b72503994bb309cb2db1c70e1, type: 3}
    - {fileID: 8300000, guid: 9dcaf1c284b60664493ebd45ae04ef8b, type: 3}
    - {fileID: 8300000, guid: c7f6e4ecebf64e744bd1e8b300769915, type: 3}
    SerializedBytesString: 
    Prefab: {fileID: 0}
    PrefabModificationsReferencedUnityObjects: []
    PrefabModifications: []
    SerializationNodes:
    - Name: OnRevive
      Entry: 6
      Data: 
    - Name: OnDeath
      Entry: 6
      Data: 
    - Name: damageSFX_Dict
      Entry: 7
      Data: 0|System.Collections.Generic.Dictionary`2[[SpecialAttack+Attack, Assembly-CSharp],[UnityEngine.AudioClip[],
        UnityEngine.AudioModule]], mscorlib
    - Name: comparer
      Entry: 7
      Data: 1|System.Collections.Generic.EqualityComparer`1+DefaultComparer[[SpecialAttack+Attack,
        Assembly-CSharp]], mscorlib
    - Name: 
      Entry: 8
      Data: 
    - Name: 
      Entry: 12
      Data: 2
    - Name: 
      Entry: 7
      Data: 
    - Name: 
      Entry: 3
      Data: 0
    - Name: 
      Entry: 7
      Data: 2|UnityEngine.AudioClip[], UnityEngine.AudioModule
    - Name: 
      Entry: 12
      Data: 2
    - Name: 
      Entry: 10
      Data: 0
    - Name: 
      Entry: 10
      Data: 1
    - Name: 
      Entry: 13
      Data: 
    - Name: 
      Entry: 8
      Data: 
    - Name: 
      Entry: 8
      Data: 
    - Name: 
      Entry: 7
      Data: 
    - Name: 
      Entry: 3
      Data: 1
    - Name: 
      Entry: 7
      Data: 3|UnityEngine.AudioClip[], UnityEngine.AudioModule
    - Name: 
      Entry: 12
      Data: 1
    - Name: 
      Entry: 10
      Data: 2
    - Name: 
      Entry: 13
      Data: 
    - Name: 
      Entry: 8
      Data: 
    - Name: 
      Entry: 8
      Data: 
    - Name: 
      Entry: 13
      Data: 
    - Name: 
      Entry: 8
      Data: 
    - Name: damagePartitle_Dict
      Entry: 7
      Data: 4|System.Collections.Generic.Dictionary`2[[SpecialAttack+Attack, Assembly-CSharp],[UnityEngine.ParticleSystem[],
        UnityEngine.ParticleSystemModule]], mscorlib
    - Name: comparer
      Entry: 9
      Data: 1
    - Name: 
      Entry: 12
      Data: 0
    - Name: 
      Entry: 13
      Data: 
    - Name: 
      Entry: 8
      Data: 
  CurrentHealth: 0
  Invulnerable: 0
  InitialHealth: 50
  MaximumHealth: 50
  DamageEffect: {fileID: 100000, guid: 9968e0a9f50a6e143ae32099a2ff386b, type: 2}
  DamageSfx: {fileID: 8300000, guid: 4709e6d9e03392b4a9d72a8bc19efb69, type: 3}
  FlickerSpriteOnHit: 1
  DeathEffect: {fileID: 100000, guid: 9968e0a9f50a6e143ae32099a2ff386b, type: 2}
  DestroyOnDeath: 1
  DelayBeforeDestruction: 0
  CollisionsOffOnDeath: 1
  DeathForce: {x: 0, y: -10}
  PointsWhenDestroyed: 0
  VibrateOnDeath: 1
  RespawnAtInitialLocation: 0
  atomicDamageSFX:
  - {fileID: 8300000, guid: 00cf92732b4a342acb456b39378f53bc, type: 3}
  - {fileID: 8300000, guid: a80a20331fe6c5b49936c516a2631c05, type: 3}
  shartDamageSFX: []
  damageSFX:
  - {fileID: 8300000, guid: c7f6e4ecebf64e744bd1e8b300769915, type: 3}
  - {fileID: 8300000, guid: 4709e6d9e03392b4a9d72a8bc19efb69, type: 3}
  - {fileID: 8300000, guid: 670e80edafca1094ea452901fd5d9d64, type: 3}
--- !u!1001 &1170121499
Prefab:
  m_ObjectHideFlags: 0
  serializedVersion: 2
  m_Modification:
    m_TransformParent: {fileID: 0}
    m_Modifications:
    - target: {fileID: 4219656593663228, guid: a091a2e8ff63e4e0d81b616de831a1df, type: 2}
      propertyPath: m_LocalPosition.x
      value: 18.02
      objectReference: {fileID: 0}
    - target: {fileID: 4219656593663228, guid: a091a2e8ff63e4e0d81b616de831a1df, type: 2}
      propertyPath: m_LocalPosition.y
      value: 4.2
      objectReference: {fileID: 0}
    - target: {fileID: 4219656593663228, guid: a091a2e8ff63e4e0d81b616de831a1df, type: 2}
      propertyPath: m_LocalPosition.z
      value: 0.24724814
      objectReference: {fileID: 0}
    - target: {fileID: 4219656593663228, guid: a091a2e8ff63e4e0d81b616de831a1df, type: 2}
      propertyPath: m_LocalRotation.x
      value: 0
      objectReference: {fileID: 0}
    - target: {fileID: 4219656593663228, guid: a091a2e8ff63e4e0d81b616de831a1df, type: 2}
      propertyPath: m_LocalRotation.y
      value: 0
      objectReference: {fileID: 0}
    - target: {fileID: 4219656593663228, guid: a091a2e8ff63e4e0d81b616de831a1df, type: 2}
      propertyPath: m_LocalRotation.z
      value: 0
      objectReference: {fileID: 0}
    - target: {fileID: 4219656593663228, guid: a091a2e8ff63e4e0d81b616de831a1df, type: 2}
      propertyPath: m_LocalRotation.w
      value: 1
      objectReference: {fileID: 0}
    - target: {fileID: 4219656593663228, guid: a091a2e8ff63e4e0d81b616de831a1df, type: 2}
      propertyPath: m_RootOrder
      value: 11
      objectReference: {fileID: 0}
    m_RemovedComponents: []
  m_ParentPrefab: {fileID: 100100000, guid: a091a2e8ff63e4e0d81b616de831a1df, type: 2}
  m_IsPrefabParent: 0
--- !u!1001 &1181237506
Prefab:
  m_ObjectHideFlags: 0
  serializedVersion: 2
  m_Modification:
    m_TransformParent: {fileID: 0}
    m_Modifications:
    - target: {fileID: 4111981270430634, guid: 3ebb93dc5ff014c728580a1f7945c916, type: 2}
      propertyPath: m_LocalPosition.x
      value: 13.43
      objectReference: {fileID: 0}
    - target: {fileID: 4111981270430634, guid: 3ebb93dc5ff014c728580a1f7945c916, type: 2}
      propertyPath: m_LocalPosition.y
      value: 19.59
      objectReference: {fileID: 0}
    - target: {fileID: 4111981270430634, guid: 3ebb93dc5ff014c728580a1f7945c916, type: 2}
      propertyPath: m_LocalPosition.z
      value: 0
      objectReference: {fileID: 0}
    - target: {fileID: 4111981270430634, guid: 3ebb93dc5ff014c728580a1f7945c916, type: 2}
      propertyPath: m_LocalRotation.x
      value: 0
      objectReference: {fileID: 0}
    - target: {fileID: 4111981270430634, guid: 3ebb93dc5ff014c728580a1f7945c916, type: 2}
      propertyPath: m_LocalRotation.y
      value: 0
      objectReference: {fileID: 0}
    - target: {fileID: 4111981270430634, guid: 3ebb93dc5ff014c728580a1f7945c916, type: 2}
      propertyPath: m_LocalRotation.z
      value: 0.000008726646
      objectReference: {fileID: 0}
    - target: {fileID: 4111981270430634, guid: 3ebb93dc5ff014c728580a1f7945c916, type: 2}
      propertyPath: m_LocalRotation.w
      value: 1
      objectReference: {fileID: 0}
    - target: {fileID: 4111981270430634, guid: 3ebb93dc5ff014c728580a1f7945c916, type: 2}
      propertyPath: m_RootOrder
      value: 6
      objectReference: {fileID: 0}
    - target: {fileID: 114469633166992500, guid: 3ebb93dc5ff014c728580a1f7945c916,
        type: 2}
      propertyPath: InitialWeapon
      value: 
      objectReference: {fileID: 414596189}
    - target: {fileID: 114681407152338672, guid: 3ebb93dc5ff014c728580a1f7945c916,
        type: 2}
      propertyPath: serializationData.Prefab
      value: 
      objectReference: {fileID: 114681407152338672, guid: 3ebb93dc5ff014c728580a1f7945c916,
        type: 2}
    - target: {fileID: 1686638951276132, guid: 3ebb93dc5ff014c728580a1f7945c916, type: 2}
      propertyPath: m_Name
      value: Player
      objectReference: {fileID: 0}
    m_RemovedComponents: []
  m_ParentPrefab: {fileID: 100100000, guid: 3ebb93dc5ff014c728580a1f7945c916, type: 2}
  m_IsPrefabParent: 0
--- !u!1001 &1207537729
Prefab:
  m_ObjectHideFlags: 0
  serializedVersion: 2
  m_Modification:
    m_TransformParent: {fileID: 0}
    m_Modifications:
    - target: {fileID: 4781061146841660, guid: 8de110aff1b77466ab0c9693ebfde89b, type: 2}
      propertyPath: m_LocalPosition.x
      value: 30.85
      objectReference: {fileID: 0}
    - target: {fileID: 4781061146841660, guid: 8de110aff1b77466ab0c9693ebfde89b, type: 2}
      propertyPath: m_LocalPosition.y
      value: 18.52
      objectReference: {fileID: 0}
    - target: {fileID: 4781061146841660, guid: 8de110aff1b77466ab0c9693ebfde89b, type: 2}
      propertyPath: m_LocalPosition.z
      value: 0
      objectReference: {fileID: 0}
    - target: {fileID: 4781061146841660, guid: 8de110aff1b77466ab0c9693ebfde89b, type: 2}
      propertyPath: m_LocalRotation.x
      value: 0
      objectReference: {fileID: 0}
    - target: {fileID: 4781061146841660, guid: 8de110aff1b77466ab0c9693ebfde89b, type: 2}
      propertyPath: m_LocalRotation.y
      value: 0
      objectReference: {fileID: 0}
    - target: {fileID: 4781061146841660, guid: 8de110aff1b77466ab0c9693ebfde89b, type: 2}
      propertyPath: m_LocalRotation.z
      value: 0
      objectReference: {fileID: 0}
    - target: {fileID: 4781061146841660, guid: 8de110aff1b77466ab0c9693ebfde89b, type: 2}
      propertyPath: m_LocalRotation.w
      value: 1
      objectReference: {fileID: 0}
    - target: {fileID: 4781061146841660, guid: 8de110aff1b77466ab0c9693ebfde89b, type: 2}
      propertyPath: m_RootOrder
      value: 13
      objectReference: {fileID: 0}
    m_RemovedComponents: []
  m_ParentPrefab: {fileID: 100100000, guid: 8de110aff1b77466ab0c9693ebfde89b, type: 2}
  m_IsPrefabParent: 0
--- !u!1 &1239542272
GameObject:
  m_ObjectHideFlags: 0
  m_PrefabParentObject: {fileID: 0}
  m_PrefabInternal: {fileID: 0}
  serializedVersion: 5
  m_Component:
  - component: {fileID: 1239542276}
  - component: {fileID: 1239542275}
  - component: {fileID: 1239542274}
  - component: {fileID: 1239542273}
  m_Layer: 0
  m_Name: Level
  m_TagString: Untagged
  m_Icon: {fileID: 0}
  m_NavMeshLayer: 0
  m_StaticEditorFlags: 0
  m_IsActive: 1
--- !u!114 &1239542273
MonoBehaviour:
  m_ObjectHideFlags: 0
  m_PrefabParentObject: {fileID: 0}
  m_PrefabInternal: {fileID: 0}
  m_GameObject: {fileID: 1239542272}
  m_Enabled: 1
  m_EditorHideFlags: 0
  m_Script: {fileID: 11500000, guid: 88fcac034e6398d42ac254095d9b2d18, type: 3}
  m_Name: 
  m_EditorClassIdentifier: 
  PlayerPrefabs: []
  AutoAttributePlayerIDs: 1
  DebugSpawn: {fileID: 0}
  CheckpointAttributionAxis: 0
  CheckpointAttributionDirection: 0
  CurrentCheckPoint: {fileID: 0}
  IntroFadeDuration: 1
  OutroFadeDuration: 1
  RespawnDelay: 2
  LevelBounds:
    m_Center: {x: 24.8, y: 24.3, z: 0}
    m_Extent: {x: 20.5, y: 28.55, z: 5}
  OneWayLevelMode: 0
  NoGoingBackColliderSize: {x: 5, y: 5}
  NoGoingBackThreshold: 5
  NoGoingBackMinDistanceFromBounds: 10
  OneWayLevelKillMode: 0
--- !u!65 &1239542274
BoxCollider:
  m_ObjectHideFlags: 0
  m_PrefabParentObject: {fileID: 0}
  m_PrefabInternal: {fileID: 0}
  m_GameObject: {fileID: 1239542272}
  m_Material: {fileID: 0}
  m_IsTrigger: 0
  m_Enabled: 1
  serializedVersion: 2
  m_Size: {x: 1, y: 1, z: 1}
  m_Center: {x: 0, y: 0, z: 0}
--- !u!33 &1239542275
MeshFilter:
  m_ObjectHideFlags: 0
  m_PrefabParentObject: {fileID: 0}
  m_PrefabInternal: {fileID: 0}
  m_GameObject: {fileID: 1239542272}
  m_Mesh: {fileID: 10202, guid: 0000000000000000e000000000000000, type: 0}
--- !u!4 &1239542276
Transform:
  m_ObjectHideFlags: 0
  m_PrefabParentObject: {fileID: 0}
  m_PrefabInternal: {fileID: 0}
  m_GameObject: {fileID: 1239542272}
  m_LocalRotation: {x: 0, y: 0, z: 0, w: 1}
  m_LocalPosition: {x: -69.13344, y: -3.7219107, z: -0.029599722}
  m_LocalScale: {x: 1, y: 1, z: 1}
  m_Children:
  - {fileID: 1897169224}
  - {fileID: 1336377541}
  - {fileID: 818420332}
  - {fileID: 1016084285}
  - {fileID: 928998869}
  - {fileID: 1631967872}
  m_Father: {fileID: 0}
  m_RootOrder: 8
  m_LocalEulerAnglesHint: {x: 0, y: 0, z: 0}
--- !u!1 &1336377540
GameObject:
  m_ObjectHideFlags: 0
  m_PrefabParentObject: {fileID: 0}
  m_PrefabInternal: {fileID: 0}
  serializedVersion: 5
  m_Component:
  - component: {fileID: 1336377541}
  - component: {fileID: 1336377543}
  - component: {fileID: 1336377542}
  m_Layer: 11
  m_Name: Ground (1)
  m_TagString: Untagged
  m_Icon: {fileID: 0}
  m_NavMeshLayer: 0
  m_StaticEditorFlags: 0
  m_IsActive: 1
--- !u!4 &1336377541
Transform:
  m_ObjectHideFlags: 0
  m_PrefabParentObject: {fileID: 0}
  m_PrefabInternal: {fileID: 0}
  m_GameObject: {fileID: 1336377540}
  m_LocalRotation: {x: -0, y: -0, z: -0, w: 1}
  m_LocalPosition: {x: 90.6, y: 19.31, z: 0.029599722}
  m_LocalScale: {x: 1, y: 0.3, z: 1}
  m_Children: []
  m_Father: {fileID: 1239542276}
  m_RootOrder: 1
  m_LocalEulerAnglesHint: {x: 0, y: 0, z: 0}
--- !u!60 &1336377542
PolygonCollider2D:
  m_ObjectHideFlags: 0
  m_PrefabParentObject: {fileID: 0}
  m_PrefabInternal: {fileID: 0}
  m_GameObject: {fileID: 1336377540}
  m_Enabled: 1
  m_Density: 1
  m_Material: {fileID: 0}
  m_IsTrigger: 0
  m_UsedByEffector: 0
  m_UsedByComposite: 0
  m_Offset: {x: 0, y: 0}
  m_SpriteTilingProperty:
    border: {x: 0, y: 0, z: 0, w: 0}
    pivot: {x: 0.5, y: 0.5}
    oldSize: {x: 33.62, y: 11.15}
    newSize: {x: 33.62, y: 11.15}
    adaptiveTilingThreshold: 0.5
    drawMode: 0
    adaptiveTiling: 0
  m_AutoTiling: 0
  m_Points:
    m_Paths:
    - - {x: 16.733212, y: 3.817931}
      - {x: 16.634684, y: 4.064249}
      - {x: 16.470472, y: 4.392673}
      - {x: 16.273417, y: 4.688255}
      - {x: 15.213287, y: 4.0561733}
      - {x: 14.655014, y: 3.8472288}
      - {x: 6.7204437, y: 2.5018299}
      - {x: -8.512978, y: 2.6941242}
      - {x: -13.820763, y: 3.6788716}
      - {x: -16.291718, y: 4.3507633}
      - {x: -16.798897, y: 3.5387704}
      - {x: -16.815317, y: 3.4895067}
      - {x: -16.815317, y: -5.5750003}
      - {x: 16.815317, y: -5.5750003}
      - {x: 16.815317, y: 3.4566643}
      - {x: 16.782475, y: 3.6044552}
--- !u!212 &1336377543
SpriteRenderer:
  m_ObjectHideFlags: 0
  m_PrefabParentObject: {fileID: 0}
  m_PrefabInternal: {fileID: 0}
  m_GameObject: {fileID: 1336377540}
  m_Enabled: 1
  m_CastShadows: 0
  m_ReceiveShadows: 0
  m_DynamicOccludee: 1
  m_MotionVectors: 1
  m_LightProbeUsage: 1
  m_ReflectionProbeUsage: 1
  m_Materials:
  - {fileID: 2100000, guid: 50a10f4572a404dcfb51cc85a5308a75, type: 2}
  m_StaticBatchInfo:
    firstSubMesh: 0
    subMeshCount: 0
  m_StaticBatchRoot: {fileID: 0}
  m_ProbeAnchor: {fileID: 0}
  m_LightProbeVolumeOverride: {fileID: 0}
  m_ScaleInLightmap: 1
  m_PreserveUVs: 0
  m_IgnoreNormalsForChartDetection: 0
  m_ImportantGI: 0
  m_StitchLightmapSeams: 0
  m_SelectedEditorRenderState: 0
  m_MinimumChartSize: 4
  m_AutoUVMaxDistance: 0.5
  m_AutoUVMaxAngle: 89
  m_LightmapParameters: {fileID: 0}
  m_SortingLayerID: 0
  m_SortingLayer: 0
  m_SortingOrder: -1
  m_Sprite: {fileID: 21300000, guid: 7a58d9f84c79e4f2b959bb5c595ca389, type: 3}
  m_Color: {r: 1, g: 1, b: 1, a: 1}
  m_FlipX: 0
  m_FlipY: 0
  m_DrawMode: 0
  m_Size: {x: 33.62, y: 11.15}
  m_AdaptiveModeThreshold: 0.5
  m_SpriteTileMode: 0
  m_WasSpriteAssigned: 1
  m_MaskInteraction: 0
--- !u!1001 &1404348534
Prefab:
  m_ObjectHideFlags: 0
  serializedVersion: 2
  m_Modification:
    m_TransformParent: {fileID: 0}
    m_Modifications:
    - target: {fileID: 4990012463169098, guid: 0b49b3eb925d54feb844ee100fc30c6b, type: 2}
      propertyPath: m_LocalPosition.x
      value: 11.01
      objectReference: {fileID: 0}
    - target: {fileID: 4990012463169098, guid: 0b49b3eb925d54feb844ee100fc30c6b, type: 2}
      propertyPath: m_LocalPosition.y
      value: 0.83
      objectReference: {fileID: 0}
    - target: {fileID: 4990012463169098, guid: 0b49b3eb925d54feb844ee100fc30c6b, type: 2}
      propertyPath: m_LocalPosition.z
      value: 0
      objectReference: {fileID: 0}
    - target: {fileID: 4990012463169098, guid: 0b49b3eb925d54feb844ee100fc30c6b, type: 2}
      propertyPath: m_LocalRotation.x
      value: 0
      objectReference: {fileID: 0}
    - target: {fileID: 4990012463169098, guid: 0b49b3eb925d54feb844ee100fc30c6b, type: 2}
      propertyPath: m_LocalRotation.y
      value: 0
      objectReference: {fileID: 0}
    - target: {fileID: 4990012463169098, guid: 0b49b3eb925d54feb844ee100fc30c6b, type: 2}
      propertyPath: m_LocalRotation.z
      value: 0
      objectReference: {fileID: 0}
    - target: {fileID: 4990012463169098, guid: 0b49b3eb925d54feb844ee100fc30c6b, type: 2}
      propertyPath: m_LocalRotation.w
      value: 1
      objectReference: {fileID: 0}
    - target: {fileID: 4990012463169098, guid: 0b49b3eb925d54feb844ee100fc30c6b, type: 2}
      propertyPath: m_RootOrder
      value: 12
      objectReference: {fileID: 0}
    m_RemovedComponents: []
  m_ParentPrefab: {fileID: 100100000, guid: 0b49b3eb925d54feb844ee100fc30c6b, type: 2}
  m_IsPrefabParent: 0
--- !u!1 &1545336877 stripped
GameObject:
  m_PrefabParentObject: {fileID: 1891336429114364, guid: 071100c2138b747bda194b7ed750f18e,
    type: 2}
  m_PrefabInternal: {fileID: 353074371}
--- !u!1 &1631967870
GameObject:
  m_ObjectHideFlags: 0
  m_PrefabParentObject: {fileID: 0}
  m_PrefabInternal: {fileID: 0}
  serializedVersion: 5
  m_Component:
  - component: {fileID: 1631967872}
  - component: {fileID: 1631967871}
  m_Layer: 0
  m_Name: Spotlight
  m_TagString: Untagged
  m_Icon: {fileID: 0}
  m_NavMeshLayer: 0
  m_StaticEditorFlags: 0
  m_IsActive: 1
--- !u!108 &1631967871
Light:
  m_ObjectHideFlags: 0
  m_PrefabParentObject: {fileID: 0}
  m_PrefabInternal: {fileID: 0}
  m_GameObject: {fileID: 1631967870}
  m_Enabled: 1
  serializedVersion: 8
  m_Type: 0
  m_Color: {r: 1, g: 1, b: 1, a: 1}
  m_Intensity: 4.25
  m_Range: 12.61
  m_SpotAngle: 30
  m_CookieSize: 10
  m_Shadows:
    m_Type: 0
    m_Resolution: -1
    m_CustomResolution: -1
    m_Strength: 1
    m_Bias: 0.05
    m_NormalBias: 0.4
    m_NearPlane: 0.2
  m_Cookie: {fileID: 0}
  m_DrawHalo: 0
  m_Flare: {fileID: 0}
  m_RenderMode: 0
  m_CullingMask:
    serializedVersion: 2
    m_Bits: 4294967295
  m_Lightmapping: 4
  m_AreaSize: {x: 1, y: 1}
  m_BounceIntensity: 1
  m_ColorTemperature: 6570
  m_UseColorTemperature: 0
  m_ShadowRadius: 0
  m_ShadowAngle: 0
--- !u!4 &1631967872
Transform:
  m_ObjectHideFlags: 0
  m_PrefabParentObject: {fileID: 0}
  m_PrefabInternal: {fileID: 0}
  m_GameObject: {fileID: 1631967870}
  m_LocalRotation: {x: 0.48124507, y: 0.23141922, z: 0.13339281, w: 0.834898}
  m_LocalPosition: {x: 73.05344, y: 7.9319105, z: -2.3404002}
  m_LocalScale: {x: 1, y: 1, z: 1}
  m_Children: []
  m_Father: {fileID: 1239542276}
  m_RootOrder: 5
  m_LocalEulerAnglesHint: {x: 47.889004, y: 50.149002, z: 41.63}
--- !u!1001 &1862188022
Prefab:
  m_ObjectHideFlags: 0
  serializedVersion: 2
  m_Modification:
    m_TransformParent: {fileID: 0}
    m_Modifications:
    - target: {fileID: 400000, guid: 11be55862a4122b47b68bb90b41b9e8f, type: 2}
      propertyPath: m_LocalPosition.x
      value: 26.2
      objectReference: {fileID: 0}
    - target: {fileID: 400000, guid: 11be55862a4122b47b68bb90b41b9e8f, type: 2}
      propertyPath: m_LocalPosition.y
      value: 18.1
      objectReference: {fileID: 0}
    - target: {fileID: 400000, guid: 11be55862a4122b47b68bb90b41b9e8f, type: 2}
      propertyPath: m_LocalPosition.z
      value: 0
      objectReference: {fileID: 0}
    - target: {fileID: 400000, guid: 11be55862a4122b47b68bb90b41b9e8f, type: 2}
      propertyPath: m_LocalRotation.x
      value: -0
      objectReference: {fileID: 0}
    - target: {fileID: 400000, guid: 11be55862a4122b47b68bb90b41b9e8f, type: 2}
      propertyPath: m_LocalRotation.y
      value: -0
      objectReference: {fileID: 0}
    - target: {fileID: 400000, guid: 11be55862a4122b47b68bb90b41b9e8f, type: 2}
      propertyPath: m_LocalRotation.z
      value: -0
      objectReference: {fileID: 0}
    - target: {fileID: 400000, guid: 11be55862a4122b47b68bb90b41b9e8f, type: 2}
      propertyPath: m_LocalRotation.w
      value: 1
      objectReference: {fileID: 0}
    - target: {fileID: 400000, guid: 11be55862a4122b47b68bb90b41b9e8f, type: 2}
      propertyPath: m_RootOrder
      value: 7
      objectReference: {fileID: 0}
    - target: {fileID: 114000013104277984, guid: 11be55862a4122b47b68bb90b41b9e8f,
        type: 2}
      propertyPath: m_Enabled
      value: 1
      objectReference: {fileID: 0}
    - target: {fileID: 114000012564935690, guid: 11be55862a4122b47b68bb90b41b9e8f,
        type: 2}
      propertyPath: m_Enabled
      value: 0
      objectReference: {fileID: 0}
    - target: {fileID: 11400000, guid: 11be55862a4122b47b68bb90b41b9e8f, type: 2}
      propertyPath: m_Enabled
      value: 1
      objectReference: {fileID: 0}
    - target: {fileID: 11479924, guid: 11be55862a4122b47b68bb90b41b9e8f, type: 2}
      propertyPath: m_Enabled
      value: 0
      objectReference: {fileID: 0}
    - target: {fileID: 11400004, guid: 11be55862a4122b47b68bb90b41b9e8f, type: 2}
      propertyPath: m_Enabled
      value: 1
      objectReference: {fileID: 0}
    - target: {fileID: 11400000, guid: 11be55862a4122b47b68bb90b41b9e8f, type: 2}
      propertyPath: AvoidFalling
      value: 1
      objectReference: {fileID: 0}
    - target: {fileID: 11400006, guid: 11be55862a4122b47b68bb90b41b9e8f, type: 2}
      propertyPath: Invulnerable
      value: 0
      objectReference: {fileID: 0}
    - target: {fileID: 11400006, guid: 11be55862a4122b47b68bb90b41b9e8f, type: 2}
      propertyPath: m_Enabled
      value: 0
      objectReference: {fileID: 0}
    - target: {fileID: 114000011804412932, guid: 11be55862a4122b47b68bb90b41b9e8f,
        type: 2}
      propertyPath: m_Enabled
      value: 0
      objectReference: {fileID: 0}
    - target: {fileID: 114173583049443976, guid: 11be55862a4122b47b68bb90b41b9e8f,
        type: 2}
      propertyPath: m_Enabled
      value: 0
      objectReference: {fileID: 0}
    - target: {fileID: 114000013104277984, guid: 11be55862a4122b47b68bb90b41b9e8f,
        type: 2}
      propertyPath: AbilityPermitted
      value: 1
      objectReference: {fileID: 0}
    - target: {fileID: 11400004, guid: 11be55862a4122b47b68bb90b41b9e8f, type: 2}
      propertyPath: DamageTakenEveryTime
      value: 1
      objectReference: {fileID: 0}
    - target: {fileID: 11400000, guid: 11be55862a4122b47b68bb90b41b9e8f, type: 2}
      propertyPath: HoleDetectionOffset.x
      value: 0.1
      objectReference: {fileID: 0}
    - target: {fileID: 114000012564935690, guid: 11be55862a4122b47b68bb90b41b9e8f,
        type: 2}
      propertyPath: InitialWeapon
      value: 
      objectReference: {fileID: 114710194420040712, guid: 7583508ee1f63430fb802ab07d3ceaee,
        type: 2}
    - target: {fileID: 6100000, guid: 11be55862a4122b47b68bb90b41b9e8f, type: 2}
      propertyPath: m_Size.x
      value: 1.98
      objectReference: {fileID: 0}
    - target: {fileID: 6100000, guid: 11be55862a4122b47b68bb90b41b9e8f, type: 2}
      propertyPath: m_AutoTiling
      value: 1
      objectReference: {fileID: 0}
    - target: {fileID: 6100000, guid: 11be55862a4122b47b68bb90b41b9e8f, type: 2}
      propertyPath: m_Offset.x
      value: 0
      objectReference: {fileID: 0}
    - target: {fileID: 6100000, guid: 11be55862a4122b47b68bb90b41b9e8f, type: 2}
      propertyPath: m_UsedByComposite
      value: 1
      objectReference: {fileID: 0}
    - target: {fileID: 11479924, guid: 11be55862a4122b47b68bb90b41b9e8f, type: 2}
      propertyPath: ShootDistance
      value: 3
      objectReference: {fileID: 0}
    - target: {fileID: 6100000, guid: 11be55862a4122b47b68bb90b41b9e8f, type: 2}
      propertyPath: m_Offset.y
      value: 0
      objectReference: {fileID: 0}
    - target: {fileID: 11479924, guid: 11be55862a4122b47b68bb90b41b9e8f, type: 2}
      propertyPath: TargetLayerMask.m_Bits
      value: 768
      objectReference: {fileID: 0}
    - target: {fileID: 100000, guid: 11be55862a4122b47b68bb90b41b9e8f, type: 2}
      propertyPath: m_IsActive
      value: 0
      objectReference: {fileID: 0}
    m_RemovedComponents:
    - {fileID: 11400006, guid: 11be55862a4122b47b68bb90b41b9e8f, type: 2}
    - {fileID: 11479924, guid: 11be55862a4122b47b68bb90b41b9e8f, type: 2}
  m_ParentPrefab: {fileID: 100100000, guid: 11be55862a4122b47b68bb90b41b9e8f, type: 2}
  m_IsPrefabParent: 0
--- !u!4 &1893897561 stripped
Transform:
  m_PrefabParentObject: {fileID: 4111981270430634, guid: 3ebb93dc5ff014c728580a1f7945c916,
    type: 2}
  m_PrefabInternal: {fileID: 1181237506}
--- !u!1 &1897169221
GameObject:
  m_ObjectHideFlags: 0
  m_PrefabParentObject: {fileID: 0}
  m_PrefabInternal: {fileID: 0}
  serializedVersion: 5
  m_Component:
  - component: {fileID: 1897169224}
  - component: {fileID: 1897169223}
  - component: {fileID: 1897169222}
  m_Layer: 8
  m_Name: Ground
  m_TagString: Untagged
  m_Icon: {fileID: 0}
  m_NavMeshLayer: 0
  m_StaticEditorFlags: 0
  m_IsActive: 1
--- !u!60 &1897169222
PolygonCollider2D:
  m_ObjectHideFlags: 0
  m_PrefabParentObject: {fileID: 0}
  m_PrefabInternal: {fileID: 0}
  m_GameObject: {fileID: 1897169221}
  m_Enabled: 1
  m_Density: 1
  m_Material: {fileID: 0}
  m_IsTrigger: 0
  m_UsedByEffector: 0
  m_UsedByComposite: 0
  m_Offset: {x: 0, y: 0}
  m_SpriteTilingProperty:
    border: {x: 0, y: 0, z: 0, w: 0}
    pivot: {x: 0.5, y: 0.5}
    oldSize: {x: 33.62, y: 11.15}
    newSize: {x: 33.62, y: 11.15}
    adaptiveTilingThreshold: 0.5
    drawMode: 0
    adaptiveTiling: 0
  m_AutoTiling: 0
  m_Points:
    m_Paths:
    - - {x: 16.733212, y: 3.817931}
      - {x: 16.634684, y: 4.064249}
      - {x: 16.470472, y: 4.392673}
      - {x: 16.273417, y: 4.688255}
      - {x: 15.928572, y: 5.0331}
      - {x: 15.550884, y: 5.2794185}
      - {x: 16.223892, y: 6.3766823}
      - {x: 15.041826, y: 5.492894}
      - {x: 16.37252, y: 4.6419487}
      - {x: 6.8408613, y: 2.2140193}
      - {x: -0.25655878, y: 2.7232592}
      - {x: -8.522947, y: 3.1455402}
      - {x: -15.541989, y: 4.7602177}
      - {x: -15.817256, y: 4.336405}
      - {x: -15.320987, y: 5.410788}
      - {x: -16.37947, y: 4.0572443}
      - {x: -15.928572, y: 5.0331}
      - {x: -16.158468, y: 4.8196244}
      - {x: -16.536156, y: 4.3105674}
      - {x: -16.700369, y: 3.900037}
      - {x: -16.798897, y: 3.5387704}
      - {x: -16.815317, y: 3.4895067}
      - {x: -16.815317, y: -5.5750003}
      - {x: 16.815317, y: -5.5750003}
      - {x: 16.815317, y: 3.4566643}
      - {x: 16.782475, y: 3.6044552}
--- !u!212 &1897169223
SpriteRenderer:
  m_ObjectHideFlags: 0
  m_PrefabParentObject: {fileID: 0}
  m_PrefabInternal: {fileID: 0}
  m_GameObject: {fileID: 1897169221}
  m_Enabled: 1
  m_CastShadows: 0
  m_ReceiveShadows: 0
  m_DynamicOccludee: 1
  m_MotionVectors: 1
  m_LightProbeUsage: 1
  m_ReflectionProbeUsage: 1
  m_Materials:
  - {fileID: 2100000, guid: 50a10f4572a404dcfb51cc85a5308a75, type: 2}
  m_StaticBatchInfo:
    firstSubMesh: 0
    subMeshCount: 0
  m_StaticBatchRoot: {fileID: 0}
  m_ProbeAnchor: {fileID: 0}
  m_LightProbeVolumeOverride: {fileID: 0}
  m_ScaleInLightmap: 1
  m_PreserveUVs: 0
  m_IgnoreNormalsForChartDetection: 0
  m_ImportantGI: 0
  m_StitchLightmapSeams: 0
  m_SelectedEditorRenderState: 0
  m_MinimumChartSize: 4
  m_AutoUVMaxDistance: 0.5
  m_AutoUVMaxAngle: 89
  m_LightmapParameters: {fileID: 0}
  m_SortingLayerID: 0
  m_SortingLayer: 0
  m_SortingOrder: -1
  m_Sprite: {fileID: 21300000, guid: 7a58d9f84c79e4f2b959bb5c595ca389, type: 3}
  m_Color: {r: 1, g: 1, b: 1, a: 1}
  m_FlipX: 0
  m_FlipY: 0
  m_DrawMode: 0
  m_Size: {x: 33.62, y: 11.15}
  m_AdaptiveModeThreshold: 0.5
  m_SpriteTileMode: 0
  m_WasSpriteAssigned: 1
  m_MaskInteraction: 0
--- !u!4 &1897169224
Transform:
  m_ObjectHideFlags: 0
  m_PrefabParentObject: {fileID: 0}
  m_PrefabInternal: {fileID: 0}
  m_GameObject: {fileID: 1897169221}
  m_LocalRotation: {x: -0, y: -0, z: -0, w: 1}
  m_LocalPosition: {x: 76.35344, y: 0.7419107, z: 0.029599722}
  m_LocalScale: {x: 1, y: 0.34, z: 1}
  m_Children: []
  m_Father: {fileID: 1239542276}
  m_RootOrder: 0
  m_LocalEulerAnglesHint: {x: 0, y: 0, z: 0}
--- !u!1001 &1950825484
Prefab:
  m_ObjectHideFlags: 0
  serializedVersion: 2
  m_Modification:
    m_TransformParent: {fileID: 0}
    m_Modifications:
    - target: {fileID: 4973919506873062, guid: 6db0479e3627d48ac9f2d65812fc05dc, type: 2}
      propertyPath: m_LocalPosition.x
      value: -1.6338761
      objectReference: {fileID: 0}
    - target: {fileID: 4973919506873062, guid: 6db0479e3627d48ac9f2d65812fc05dc, type: 2}
      propertyPath: m_LocalPosition.y
      value: 3.2772048
      objectReference: {fileID: 0}
    - target: {fileID: 4973919506873062, guid: 6db0479e3627d48ac9f2d65812fc05dc, type: 2}
      propertyPath: m_LocalPosition.z
      value: 0
      objectReference: {fileID: 0}
    - target: {fileID: 4973919506873062, guid: 6db0479e3627d48ac9f2d65812fc05dc, type: 2}
      propertyPath: m_LocalRotation.x
      value: 0
      objectReference: {fileID: 0}
    - target: {fileID: 4973919506873062, guid: 6db0479e3627d48ac9f2d65812fc05dc, type: 2}
      propertyPath: m_LocalRotation.y
      value: 0
      objectReference: {fileID: 0}
    - target: {fileID: 4973919506873062, guid: 6db0479e3627d48ac9f2d65812fc05dc, type: 2}
      propertyPath: m_LocalRotation.z
      value: 0
      objectReference: {fileID: 0}
    - target: {fileID: 4973919506873062, guid: 6db0479e3627d48ac9f2d65812fc05dc, type: 2}
      propertyPath: m_LocalRotation.w
      value: 1
      objectReference: {fileID: 0}
    - target: {fileID: 4973919506873062, guid: 6db0479e3627d48ac9f2d65812fc05dc, type: 2}
      propertyPath: m_RootOrder
      value: 9
      objectReference: {fileID: 0}
    - target: {fileID: 114340008850640052, guid: 6db0479e3627d48ac9f2d65812fc05dc,
        type: 2}
      propertyPath: GameObjectToPool
      value: 
      objectReference: {fileID: 1545336877}
    m_RemovedComponents: []
  m_ParentPrefab: {fileID: 100100000, guid: 6db0479e3627d48ac9f2d65812fc05dc, type: 2}
  m_IsPrefabParent: 0
